day;timestamp;product;bid_price_1;bid_volume_1;bid_price_2;bid_volume_2;bid_price_3;bid_volume_3;ask_price_1;ask_volume_1;ask_price_2;ask_volume_2;ask_price_3;ask_volume_3;mid_price;profit_and_loss
-1;0;RAINFOREST_RESIN;10002;1;9996;2;9995;29;10004;2;10005;29;;;10003.0;0.0
-1;0;KELP;2028;1;2026;2;2025;29;2029;31;;;;;2028.5;0.0
-1;100;KELP;2025;24;;;;;2028;2;2029;22;;;2026.5;0.0
-1;100;RAINFOREST_RESIN;9996;2;9995;22;;;10004;2;10005;22;;;10000.0;0.0
-1;200;RAINFOREST_RESIN;9995;20;;;;;10005;20;;;;;10000.0;0.0
-1;200;KELP;2025;22;;;;;2028;20;;;;;2026.5;0.0
-1;300;KELP;2025;31;;;;;2028;2;2029;29;;;2026.5;0.0
-1;300;RAINFOREST_RESIN;9996;2;9995;29;;;10004;2;10005;29;;;10000.0;0.0
-1;400;RAINFOREST_RESIN;9996;2;9995;25;;;10004;2;10005;25;;;10000.0;0.0
-1;400;KELP;2025;27;;;;;2028;27;;;;;2026.5;0.0
-1;500;KELP;2025;30;;;;;2028;30;;;;;2026.5;0.0
-1;500;RAINFOREST_RESIN;9995;30;;;;;10002;4;10005;30;;;9998.5;0.0
-1;600;RAINFOREST_RESIN;10000;5;9995;25;;;10005;25;;;;;10002.5;0.0
-1;600;KELP;2026;5;2025;31;;;2028;25;;;;;2027.0;0.0
-1;700;KELP;2025;2;2024;23;;;2028;23;;;;;2026.5;0.0
-1;700;RAINFOREST_RESIN;9995;23;;;;;10005;23;;;;;10000.0;0.0
-1;800;RAINFOREST_RESIN;9996;1;9995;29;;;10004;1;10005;29;;;10000.0;0.0
-1;800;KELP;2024;1;2023;29;;;2027;30;;;;;2025.5;0.0
-1;900;KELP;2024;23;;;;;2027;23;;;;;2025.5;0.0
-1;900;RAINFOREST_RESIN;9996;1;9995;22;;;10004;1;10005;22;;;10000.0;0.0
-1;1000;RAINFOREST_RESIN;9995;26;;;;;10005;26;;;;;10000.0;0.0
-1;1000;KELP;2024;26;;;;;2026;6;2027;26;;;2025.0;0.0
-1;1100;KELP;2025;6;2024;26;;;2027;2;2028;24;;;2026.0;0.0
-1;1100;RAINFOREST_RESIN;9996;2;9995;24;;;10004;2;10005;24;;;10000.0;0.0
-1;1200;RAINFOREST_RESIN;9995;21;;;;;9998;1;10005;21;;;9996.5;20.0
-1;1200;KELP;2024;21;;;;;2026;8;2028;21;;;2025.0;0.0
-1;1300;KELP;2024;31;;;;;2028;31;;;;;2026.0;0.0
-1;1300;RAINFOREST_RESIN;10002;1;9996;1;9995;30;10004;1;10005;30;;;10003.0;22.0
-1;1400;RAINFOREST_RESIN;9996;1;9995;25;;;10004;1;10005;25;;;10000.0;24.0
-1;1400;KELP;2025;3;2024;25;;;2028;26;;;;;2026.5;0.0
-1;1500;KELP;2024;27;;;;;2028;27;;;;;2026.0;0.0
-1;1500;RAINFOREST_RESIN;9995;27;;;;;10005;27;;;;;10000.0;24.0
-1;1600;RAINFOREST_RESIN;9995;29;;;;;10005;29;;;;;10000.0;24.0
-1;1600;KELP;2024;29;;;;;2026;4;2028;29;;;2025.0;0.0
-1;1700;KELP;2024;22;;;;;2026;8;2028;22;;;2025.0;0.0
-1;1700;RAINFOREST_RESIN;9996;2;9995;20;;;10002;1;10004;2;10005;20;9999.0;24.0
-1;1800;RAINFOREST_RESIN;10002;1;9996;1;9995;22;10004;1;10005;22;;;10003.0;24.0
-1;1800;KELP;2024;23;;;;;2028;23;;;;;2026.0;0.0
-1;1900;KELP;2024;29;;;;;2026;5;2027;29;;;2025.0;0.0
-1;1900;RAINFOREST_RESIN;9996;1;9995;28;;;10004;1;10005;28;;;10000.0;26.0
-1;2000;KELP;2024;26;;;;;2027;26;;;;;2025.5;0.0
-1;2000;RAINFOREST_RESIN;9996;2;9995;24;;;9998;1;10004;2;10005;24;9997.0;26.0
-1;2100;RAINFOREST_RESIN;9996;2;9995;25;;;10002;3;10004;2;10005;25;9999.0;26.0
-1;2100;KELP;2024;27;;;;;2027;2;2028;25;;;2025.5;0.0
-1;2200;RAINFOREST_RESIN;9998;8;9996;1;9995;24;10004;1;10005;24;;;10001.0;26.0
-1;2200;KELP;2024;25;;;;;2026;7;2027;1;2028;24;2025.0;0.0
-1;2300;KELP;2024;32;;;;;2028;32;;;;;2026.0;0.0
-1;2300;RAINFOREST_RESIN;9998;7;9996;2;9995;30;10004;2;10005;30;;;10001.0;26.0
-1;2400;KELP;2024;29;;;;;2025;1;2028;29;;;2024.5;0.0
-1;2400;RAINFOREST_RESIN;9995;29;;;;;10005;29;;;;;10000.0;26.0
-1;2500;RAINFOREST_RESIN;9996;1;9995;22;;;10004;1;10005;22;;;10000.0;26.0
-1;2500;KELP;2025;2;2024;23;;;2027;1;2028;22;;;2026.0;0.0
-1;2600;RAINFOREST_RESIN;9995;23;;;;;10005;23;;;;;10000.0;26.0
-1;2600;KELP;2025;3;2024;23;;;2028;23;;;;;2026.5;0.0
-1;2700;KELP;2024;26;;;;;2027;26;;;;;2025.5;0.0
-1;2700;RAINFOREST_RESIN;9998;6;9995;26;;;10005;26;;;;;10001.5;26.0
-1;2800;KELP;2023;25;;;;;2027;25;;;;;2025.0;0.0
-1;2800;RAINFOREST_RESIN;9995;25;;;;;10005;25;;;;;10000.0;26.0
-1;2900;RAINFOREST_RESIN;9996;1;9995;25;;;10004;1;10005;25;;;10000.0;26.0
-1;2900;KELP;2023;26;;;;;2027;26;;;;;2025.0;0.0
-1;3000;RAINFOREST_RESIN;9998;1;9995;26;;;10005;26;;;;;10001.5;42.0
-1;3000;KELP;2024;29;;;;;2027;26;;;;;2025.5;0.0
-1;3100;KELP;2023;26;;;;;2025;5;2026;26;;;2024.0;0.0
-1;3100;RAINFOREST_RESIN;9996;2;9995;24;;;10004;2;10005;24;;;10000.0;44.0
-1;3200;KELP;2023;23;;;;;2025;3;2026;23;;;2024.0;0.0
-1;3200;RAINFOREST_RESIN;9996;1;9995;22;;;10004;1;10005;22;;;10000.0;48.0
-1;3300;RAINFOREST_RESIN;9996;2;9995;30;;;10004;2;10005;30;;;10000.0;52.0
-1;3300;KELP;2023;32;;;;;2025;2;2026;32;;;2024.0;0.0
-1;3400;RAINFOREST_RESIN;9996;2;9995;24;;;10004;2;10005;24;;;10000.0;52.0
-1;3400;KELP;2023;26;;;;;2026;26;;;;;2024.5;0.0
-1;3500;KELP;2023;26;;;;;2026;26;;;;;2024.5;0.0
-1;3500;RAINFOREST_RESIN;9995;26;;;;;10005;26;;;;;10000.0;52.0
-1;3600;KELP;2023;21;;;;;2026;21;;;;;2024.5;0.0
-1;3600;RAINFOREST_RESIN;9995;21;;;;;9998;4;10005;21;;;9996.5;52.0
-1;3700;RAINFOREST_RESIN;10002;1;9996;1;9995;23;10004;1;10005;23;;;10003.0;52.0
-1;3700;KELP;2023;27;;;;;2026;24;;;;;2024.5;0.0
-1;3800;RAINFOREST_RESIN;9996;2;9995;23;;;10002;10;10004;2;10005;23;9999.0;54.0
-1;3800;KELP;2023;25;;;;;2026;25;;;;;2024.5;0.0
-1;3900;KELP;2023;28;;;;;2026;26;;;;;2024.5;0.0
-1;3900;RAINFOREST_RESIN;9998;1;9996;1;9995;25;10004;1;10005;25;;;10001.0;57.0
-1;4000;KELP;2023;32;;;;;2026;32;;;;;2024.5;0.0
-1;4000;RAINFOREST_RESIN;9996;2;9995;30;;;10004;2;10005;30;;;10000.0;57.0
-1;4100;RAINFOREST_RESIN;9996;2;9995;27;;;10004;2;10005;27;;;10000.0;57.0
-1;4100;KELP;2023;29;;;;;2027;29;;;;;2025.0;0.0
-1;4200;RAINFOREST_RESIN;9996;2;9995;24;;;10002;4;10004;2;10005;24;9999.0;57.0
-1;4200;KELP;2023;26;;;;;2027;26;;;;;2025.0;0.0
-1;4300;KELP;2023;29;;;;;2024;5;2026;22;;;2023.5;0.0
-1;4300;RAINFOREST_RESIN;9995;22;;;;;9998;1;10000;6;10005;22;9996.5;69.0
-1;4400;KELP;2023;30;;;;;2026;30;;;;;2024.5;0.0
-1;4400;RAINFOREST_RESIN;9995;30;;;;;10005;30;;;;;10000.0;75.0
-1;4500;RAINFOREST_RESIN;9996;1;9995;28;;;10002;10;10004;1;10005;28;9999.0;75.0
-1;4500;KELP;2023;28;;;;;2026;29;;;;;2024.5;0.0
-1;4600;RAINFOREST_RESIN;9996;1;9995;29;;;10002;10;10004;1;10005;29;9999.0;75.0
-1;4600;KELP;2023;30;;;;;2026;30;;;;;2024.5;0.0
-1;4700;KELP;2023;25;;;;;2025;3;2026;32;;;2024.0;0.0
-1;4700;RAINFOREST_RESIN;9996;2;9995;30;;;10004;2;10005;30;;;10000.0;75.0
-1;4800;KELP;2023;24;;;;;2027;24;;;;;2025.0;0.0
-1;4800;RAINFOREST_RESIN;9998;6;9996;2;9995;22;10004;2;10005;22;;;10001.0;75.0
-1;4900;RAINFOREST_RESIN;9995;22;;;;;10002;7;10005;22;;;9998.5;77.0
-1;4900;KELP;2023;22;;;;;2027;22;;;;;2025.0;1.9462890625
-1;5000;RAINFOREST_RESIN;9998;3;9996;2;9995;28;10004;2;10005;28;;;10001.0;77.0
-1;5000;KELP;2023;30;;;;;2026;30;;;;;2024.5;2.79296875
-1;5100;KELP;2023;37;;;;;2026;31;;;;;2024.5;2.749755859375
-1;5100;RAINFOREST_RESIN;9996;1;9995;30;;;10004;1;10005;30;;;10000.0;77.0
-1;5200;KELP;2023;35;;;;;2026;27;;;;;2024.5;2.813720703125
-1;5200;RAINFOREST_RESIN;9998;9;9996;1;9995;26;10004;1;10005;26;;;10001.0;77.0
-1;5300;RAINFOREST_RESIN;9996;1;9995;20;;;10004;1;10005;20;;;10000.0;77.0
-1;5300;KELP;2025;1;2023;21;;;2026;21;;;;;2025.5;2.730224609375
-1;5400;RAINFOREST_RESIN;9995;21;;;;;10005;21;;;;;10000.0;77.0
-1;5400;KELP;2023;21;;;;;2025;6;2027;21;;;2024.0;2.03759765625
-1;5500;KELP;2023;27;;;;;2027;27;;;;;2025.0;1.811767578125
-1;5500;RAINFOREST_RESIN;9995;27;;;;;10005;27;;;;;10000.0;77.0
-1;5600;KELP;2025;2;2023;28;;;2027;28;;;;;2026.0;1.715087890625
-1;5600;RAINFOREST_RESIN;9995;28;;;;;10005;28;;;;;10000.0;77.0
-1;5700;RAINFOREST_RESIN;9998;2;9995;27;;;10005;27;;;;;10001.5;77.0
-1;5700;KELP;2024;26;;;;;2027;27;;;;;2025.5;1.535888671875
-1;5800;RAINFOREST_RESIN;9996;1;9995;30;;;10004;1;10005;30;;;10000.0;77.0
-1;5800;KELP;2024;31;;;;;2027;31;;;;;2025.5;0.8671875
-1;5900;KELP;2024;35;;;;;2027;30;;;;;2025.5;1.025146484375
-1;5900;RAINFOREST_RESIN;9996;2;9995;28;;;10004;2;10005;28;;;10000.0;77.0
-1;6000;KELP;2024;30;;;;;2027;30;;;;;2025.5;1.122314453125
-1;6000;RAINFOREST_RESIN;9995;30;;;;;10005;30;;;;;10000.0;77.0
-1;6100;RAINFOREST_RESIN;9996;1;9995;24;;;10004;1;10005;24;;;10000.0;77.0
-1;6100;KELP;2024;24;;;;;2027;25;;;;;2025.5;1.12109375
-1;6200;RAINFOREST_RESIN;9996;1;9995;21;;;10004;1;10005;21;;;10000.0;77.0
-1;6200;KELP;2024;22;;;;;2027;22;;;;;2025.5;1.015380859375
-1;6300;KELP;2024;30;;;;;2027;25;;;;;2025.5;0.568115234375
-1;6300;RAINFOREST_RESIN;9996;2;9995;23;;;10004;2;10005;23;;;10000.0;77.0
-1;6400;KELP;2024;25;;;;;2027;25;;;;;2025.5;0.61181640625
-1;6400;RAINFOREST_RESIN;9996;1;9995;24;;;10004;1;10005;24;;;10000.0;77.0
-1;6500;RAINFOREST_RESIN;9996;1;9995;26;;;9998;1;10004;1;10005;26;9997.0;77.0
-1;6500;KELP;2024;27;;;;;2027;27;;;;;2025.5;1.038330078125
-1;6600;RAINFOREST_RESIN;9996;2;9995;24;;;10004;2;10005;24;;;10000.0;77.0
-1;6600;KELP;2024;26;;;;;2028;26;;;;;2026.0;0.036376953125
-1;6700;KELP;2025;7;2024;20;;;2028;20;;;;;2026.5;-0.264404296875
-1;6700;RAINFOREST_RESIN;9995;20;;;;;10002;3;10005;20;;;9998.5;85.0
-1;6800;KELP;2024;32;;;;;2026;8;2027;2;2028;30;2025.0;0.422119140625
-1;6800;RAINFOREST_RESIN;9996;2;9995;30;;;10004;2;10005;30;;;10000.0;85.0
-1;6900;RAINFOREST_RESIN;9996;1;9995;26;;;10002;5;10004;1;10005;26;9999.0;85.0
-1;6900;KELP;2024;27;;;;;2026;1;2027;27;;;2025.0;0.768798828125
-1;7000;RAINFOREST_RESIN;9998;2;9995;27;;;10005;27;;;;;10001.5;85.0
-1;7000;KELP;2026;4;2024;27;;;2027;27;;;;;2026.5;0.6630859375
-1;7100;KELP;2024;30;;;;;2027;30;;;;;2025.5;1.069091796875
-1;7100;RAINFOREST_RESIN;9996;1;9995;29;;;10004;1;10005;29;;;10000.0;87.0
-1;7200;KELP;2024;28;;;;;2027;28;;;;;2025.5;1.2880859375
-1;7200;RAINFOREST_RESIN;9998;5;9996;1;9995;27;10004;1;10005;27;;;10001.0;87.0
-1;7300;RAINFOREST_RESIN;10002;1;9996;2;9995;29;10004;2;10005;29;;;10003.0;87.0
-1;7300;KELP;2024;35;;;;;2027;31;;;;;2025.5;1.304443359375
-1;7400;RAINFOREST_RESIN;9996;1;9995;22;;;10004;1;10005;22;;;10000.0;93.0
-1;7400;KELP;2024;22;;;;;2027;23;;;;;2025.5;1.206298828125
-1;7500;KELP;2024;25;;;;;2027;25;;;;;2025.5;1.04248046875
-1;7500;RAINFOREST_RESIN;9995;25;;;;;10002;10;10005;25;;;9998.5;93.0
-1;7600;KELP;2024;22;;;;;2027;22;;;;;2025.5;1.0810546875
-1;7600;RAINFOREST_RESIN;9996;2;9995;20;;;10004;2;10005;20;;;10000.0;93.0
-1;7700;RAINFOREST_RESIN;9995;22;;;;;10005;22;;;;;10000.0;93.0
-1;7700;KELP;2024;21;;;;;2027;22;;;;;2025.5;1.12158203125
-1;7800;RAINFOREST_RESIN;9998;3;9996;1;9995;22;10004;1;10005;22;;;10001.0;93.0
-1;7800;KELP;2024;23;;;;;2027;23;;;;;2025.5;1.15771484375
-1;7900;KELP;2024;31;;;;;2027;27;;;;;2025.5;1.1796875
-1;7900;RAINFOREST_RESIN;9996;1;9995;26;;;10004;1;10005;26;;;10000.0;93.0
-1;8000;KELP;2024;27;;;;;2026;8;2027;27;;;2025.0;1.39111328125
-1;8000;RAINFOREST_RESIN;9995;27;;;;;10005;27;;;;;10000.0;93.0
-1;8100;RAINFOREST_RESIN;9996;1;9995;22;;;10004;1;10005;22;;;10000.0;93.0
-1;8100;KELP;2023;23;;;;;2027;23;;;;;2025.0;2.16259765625
-1;8200;RAINFOREST_RESIN;9995;23;;;;;10005;23;;;;;10000.0;111.0
-1;8200;KELP;2023;23;;;;;2025;1;2026;23;;;2024.0;2.46337890625
-1;8300;KELP;2023;30;;;;;2026;30;;;;;2024.5;3.16015625
-1;8300;RAINFOREST_RESIN;9996;1;9995;29;;;10004;1;10005;29;;;10000.0;111.0
-1;8400;RAINFOREST_RESIN;9995;28;;;;;10005;28;;;;;10000.0;111.0
-1;8400;KELP;2023;28;;;;;2026;28;;;;;2024.5;3.12451171875
-1;8500;KELP;2023;31;;;;;2026;31;;;;;2024.5;3.2822265625
-1;8500;RAINFOREST_RESIN;9998;10;9996;2;9995;29;10004;2;10005;29;;;10001.0;111.0
-1;8600;RAINFOREST_RESIN;9996;1;9995;22;;;10004;1;10005;22;;;10000.0;111.0
-1;8600;KELP;2023;22;;;;;2026;23;;;;;2024.5;2.9560546875
-1;8700;KELP;2023;27;;;;;2025;4;2026;27;;;2024.0;2.612548828125
-1;8700;RAINFOREST_RESIN;9998;10;9995;27;;;10005;27;;;;;10001.5;111.0
-1;8800;RAINFOREST_RESIN;9995;25;;;;;9998;1;10005;25;;;9996.5;111.0
-1;8800;KELP;2024;7;2023;25;;;2027;25;;;;;2025.5;2.01806640625
-1;8900;KELP;2024;1;2023;26;;;2027;26;;;;;2025.5;2.1220703125
-1;8900;RAINFOREST_RESIN;9998;9;9995;26;;;10005;26;;;;;10001.5;113.0
-1;9000;RAINFOREST_RESIN;9996;2;9995;29;;;10004;2;10005;29;;;10000.0;113.0
-1;9000;KELP;2023;31;;;;;2027;31;;;;;2025.0;2.165283203125
-1;9100;KELP;2023;29;;;;;2026;2;2027;27;;;2024.5;2.3310546875
-1;9100;RAINFOREST_RESIN;9998;3;9996;2;9995;27;10004;2;10005;27;;;10001.0;113.0
-1;9200;RAINFOREST_RESIN;9998;10;9995;27;;;10005;27;;;;;10001.5;113.0
-1;9200;KELP;2023;27;;;;;2025;7;2026;27;;;2024.0;2.436767578125
-1;9300;KELP;2023;21;;;;;2026;21;;;;;2024.5;2.800048828125
-1;9300;RAINFOREST_RESIN;9996;1;9995;20;;;10004;1;10005;20;;;10000.0;113.0
-1;9400;RAINFOREST_RESIN;9998;2;9996;2;9995;21;10004;2;10005;21;;;10001.0;113.0
-1;9400;KELP;2023;23;;;;;2026;23;;;;;2024.5;2.969970703125
-1;9500;KELP;2023;35;;;;;2026;31;;;;;2024.5;2.8310546875
-1;9500;RAINFOREST_RESIN;9996;1;9995;30;;;10004;1;10005;30;;;10000.0;113.0
-1;9600;RAINFOREST_RESIN;9996;1;9995;30;;;10004;1;10005;30;;;10000.0;113.0
-1;9600;KELP;2023;31;;;;;2026;31;;;;;2024.5;3.13671875
-1;9700;KELP;2023;22;;;;;2026;22;;;;;2024.5;3.138916015625
-1;9700;RAINFOREST_RESIN;9995;22;;;;;10002;1;10005;22;;;9998.5;113.0
-1;9800;RAINFOREST_RESIN;9995;26;;;;;10005;26;;;;;10000.0;113.0
-1;9800;KELP;2023;26;;;;;2026;26;;;;;2024.5;3.042236328125
-1;9900;KELP;2025;4;2023;25;;;2026;25;;;;;2025.5;2.656494140625
-1;9900;RAINFOREST_RESIN;9995;25;;;;;10005;25;;;;;10000.0;113.0
-1;10000;RAINFOREST_RESIN;9995;28;;;;;10005;28;;;;;10000.0;113.0
-1;10000;KELP;2023;36;;;;;2026;28;;;;;2024.5;2.701904296875
-1;10100;KELP;2023;25;;;;;2026;25;;;;;2024.5;2.876708984375
-1;10100;RAINFOREST_RESIN;9996;1;9995;24;;;10002;3;10004;1;10005;24;9999.0;113.0
-1;10200;RAINFOREST_RESIN;9996;2;9995;26;;;10004;2;10005;26;;;10000.0;113.0
-1;10200;KELP;2022;28;;;;;2026;28;;;;;2024.0;4.04248046875
-1;10300;KELP;2024;1;2022;35;;;2025;27;;;;;2024.5;5.203125
-1;10300;RAINFOREST_RESIN;9998;4;9995;27;;;10005;27;;;;;10001.5;113.0
-1;10400;RAINFOREST_RESIN;10002;1;9996;1;9995;28;10004;1;10005;28;;;10003.0;113.0
-1;10400;KELP;2023;1;2022;29;;;2026;29;;;;;2024.5;3.90673828125
-1;10500;KELP;2023;2;2022;29;;;2026;31;;;;;2024.5;3.719970703125
-1;10500;RAINFOREST_RESIN;9998;4;9996;2;9995;29;10004;2;10005;29;;;10001.0;115.0
-1;10600;RAINFOREST_RESIN;9996;2;9995;29;;;10000;4;10004;2;10005;29;9998.0;115.0
-1;10600;KELP;2022;31;;;;;2023;4;2024;4;2025;31;2022.5;4.844970703125
-1;10700;KELP;2022;29;;;;;2025;28;;;;;2023.5;5.076904296875
-1;10700;RAINFOREST_RESIN;9998;8;9995;28;;;10005;28;;;;;10001.5;115.0
-1;10800;RAINFOREST_RESIN;9998;5;9996;2;9995;22;10004;2;10005;22;;;10001.0;115.0
-1;10800;KELP;2022;27;;;;;2025;24;;;;;2023.5;4.90087890625
-1;10900;KELP;2022;35;;;;;2025;28;;;;;2023.5;4.953125
-1;10900;RAINFOREST_RESIN;9996;1;9995;27;;;10004;1;10005;27;;;10000.0;125.0
-1;11000;KELP;2024;7;2022;24;;;2025;24;;;;;2024.5;4.95849609375
-1;11000;RAINFOREST_RESIN;9995;24;;;;;10002;7;10005;24;;;9998.5;125.0
-1;11100;RAINFOREST_RESIN;9998;3;9995;21;;;10005;21;;;;;10001.5;125.0
-1;11100;KELP;2022;21;;;;;2025;21;;;;;2023.5;4.84130859375
-1;11200;RAINFOREST_RESIN;9996;2;9995;21;;;10002;7;10004;2;10005;21;9999.0;133.0
-1;11200;KELP;2022;23;;;;;2025;23;;;;;2023.5;5.001953125
-1;11300;KELP;2022;25;;;;;2025;22;;;;;2023.5;4.851318359375
-1;11300;RAINFOREST_RESIN;9996;1;9995;21;;;10004;1;10005;21;;;10000.0;133.0
-1;11400;KELP;2022;26;;;;;2025;26;;;;;2023.5;4.634521484375
-1;11400;RAINFOREST_RESIN;9996;1;9995;25;;;10004;1;10005;25;;;10000.0;133.0
-1;11500;RAINFOREST_RESIN;9996;1;9995;25;;;10002;7;10004;1;10005;25;9999.0;137.0
-1;11500;KELP;2022;26;;;;;2024;8;2025;26;;;2023.0;4.717529296875
-1;11600;RAINFOREST_RESIN;9996;2;9995;27;;;10002;2;10004;2;10005;27;9999.0;137.0
-1;11600;KELP;2022;29;;;;;2026;29;;;;;2024.0;3.7783203125
-1;11700;KELP;2022;23;;;;;2023;2;2026;23;;;2022.5;4.14990234375
-1;11700;RAINFOREST_RESIN;9996;2;9995;21;;;10004;2;10005;21;;;10000.0;137.0
-1;11800;KELP;2022;29;;;;;2024;4;2026;29;;;2023.0;3.635498046875
-1;11800;RAINFOREST_RESIN;9998;10;9995;29;;;10000;5;10005;29;;;9999.0;137.0
-1;11900;RAINFOREST_RESIN;9996;2;9995;30;;;10004;2;10005;30;;;10000.0;137.0
-1;11900;KELP;2023;2;2022;30;;;2024;3;2026;32;;;2023.5;3.716552734375
-1;12000;RAINFOREST_RESIN;10002;1;9995;20;;;10005;20;;;;;10003.5;137.0
-1;12000;KELP;2023;20;;;;;2026;20;;;;;2024.5;3.05810546875
-1;12100;KELP;2023;27;;;;;2025;1;2026;27;;;2024.0;3.08349609375
-1;12100;RAINFOREST_RESIN;9996;2;9995;25;;;10004;2;10005;25;;;10000.0;139.0
-1;12200;KELP;2023;34;;;;;2026;30;;;;;2024.5;3.10986328125
-1;12200;RAINFOREST_RESIN;9996;2;9995;28;;;10004;2;10005;28;;;10000.0;139.0
-1;12300;RAINFOREST_RESIN;9998;6;9996;1;9995;28;10004;1;10005;28;;;10001.0;139.0
-1;12300;KELP;2023;29;;;;;2026;29;;;;;2024.5;2.986328125
-1;12400;RAINFOREST_RESIN;9995;26;;;;;10005;26;;;;;10000.0;139.0
-1;12400;KELP;2023;30;;;;;2026;26;;;;;2024.5;2.887939453125
-1;12500;KELP;2023;19;;;;;2026;20;;;;;2024.5;8.2578125
-1;12500;RAINFOREST_RESIN;9995;20;;;;;10005;20;;;;;10000.0;139.0
-1;12600;KELP;2023;22;;;;;2026;22;;;;;2024.5;9.626953125
-1;12600;RAINFOREST_RESIN;9995;22;;;;;10005;22;;;;;10000.0;139.0
-1;12700;RAINFOREST_RESIN;9996;2;9995;20;;;10004;2;10005;20;;;10000.0;139.0
-1;12700;KELP;2023;22;;;;;2026;22;;;;;2024.5;8.603515625
-1;12800;RAINFOREST_RESIN;9996;2;9995;20;;;10004;2;10005;20;;;10000.0;139.0
-1;12800;KELP;2023;22;;;;;2026;22;;;;;2024.5;7.83203125
-1;12900;KELP;2023;36;;;;;2026;29;;;;;2024.5;6.8359375
-1;12900;RAINFOREST_RESIN;9996;1;9995;28;;;10002;3;10004;1;10005;28;9999.0;139.0
-1;13000;KELP;2025;1;2023;6;2022;20;2026;20;;;;;2025.5;11.412109375
-1;13000;RAINFOREST_RESIN;10002;1;9995;20;;;10005;20;;;;;10003.5;139.0
-1;13100;RAINFOREST_RESIN;9996;1;9995;25;;;10004;1;10005;25;;;10000.0;141.0
-1;13100;KELP;2023;33;;;;;2026;26;;;;;2024.5;9.8515625
-1;13200;RAINFOREST_RESIN;9998;2;9995;22;;;10005;22;;;;;10001.5;141.0
-1;13200;KELP;2022;22;;;;;2025;5;2026;22;;;2023.5;10.654296875
-1;13300;KELP;2023;6;2022;24;;;2026;24;;;;;2024.5;10.994140625
-1;13300;RAINFOREST_RESIN;9995;24;;;;;10005;24;;;;;10000.0;141.0
-1;13400;KELP;2023;32;;;;;2026;32;;;;;2024.5;10.578125
-1;13400;RAINFOREST_RESIN;9996;2;9995;30;;;10004;2;10005;30;;;10000.0;145.0
-1;13500;RAINFOREST_RESIN;9995;30;;;;;10005;30;;;;;10000.0;145.0
-1;13500;KELP;2022;30;;;;;2025;8;2026;30;;;2023.5;10.7109375
-1;13600;RAINFOREST_RESIN;9995;25;;;;;10002;10;10005;25;;;9998.5;145.0
-1;13600;KELP;2023;24;;;;;2025;3;2026;25;;;2024.0;9.0234375
-1;13700;KELP;2023;25;;;;;2026;21;;;;;2024.5;8.98828125
-1;13700;RAINFOREST_RESIN;9996;1;9995;20;;;9998;4;10004;1;10005;20;9997.0;145.0
-1;13800;KELP;2023;23;;;;;2026;22;;;;;2024.5;8.318359375
-1;13800;RAINFOREST_RESIN;9996;2;9995;20;;;10004;2;10005;20;;;10000.0;153.0
-1;13900;RAINFOREST_RESIN;9996;2;9995;20;;;10000;6;10004;2;10005;20;9998.0;153.0
-1;13900;KELP;2023;22;;;;;2024;6;2025;4;2026;22;2023.5;9.787109375
-1;14000;RAINFOREST_RESIN;9998;5;9996;2;9995;27;10004;2;10005;27;;;10001.0;153.0
-1;14000;KELP;2023;3;2022;29;;;2026;29;;;;;2024.5;11.814453125
-1;14100;KELP;2023;25;;;;;2025;1;2026;25;;;2024.0;8.189453125
-1;14100;RAINFOREST_RESIN;9996;2;9995;23;;;10004;2;10005;23;;;10000.0;153.0
-1;14200;KELP;2023;20;;;;;2026;21;;;;;2024.5;7.978515625
-1;14200;RAINFOREST_RESIN;9995;21;;;;;10005;21;;;;;10000.0;153.0
-1;14300;RAINFOREST_RESIN;9996;2;9995;27;;;10004;2;10005;27;;;10000.0;153.0
-1;14300;KELP;2022;29;;;;;2026;29;;;;;2024.0;12.97265625
-1;14400;RAINFOREST_RESIN;9996;1;9995;29;;;10004;1;10005;29;;;10000.0;153.0
-1;14400;KELP;2023;30;;;;;2026;30;;;;;2024.5;10.466796875
-1;14500;KELP;2023;24;;;;;2026;24;;;;;2024.5;10.021484375
-1;14500;RAINFOREST_RESIN;9995;24;;;;;10002;1;10005;24;;;9998.5;153.0
-1;14600;KELP;2022;28;;;;;2024;2;2026;28;;;2023.0;12.17578125
-1;14600;RAINFOREST_RESIN;9996;2;9995;26;;;10000;2;10004;2;10005;26;9998.0;153.0
-1;14700;RAINFOREST_RESIN;9995;30;;;;;10002;7;10005;30;;;9998.5;153.0
-1;14700;KELP;2022;30;;;;;2025;30;;;;;2023.5;16.400390625
-1;14800;RAINFOREST_RESIN;9995;28;;;;;10002;6;10005;28;;;9998.5;153.0
-1;14800;KELP;2022;28;;;;;2025;28;;;;;2023.5;16.525390625
-1;14900;KELP;2023;4;2022;26;;;2025;26;;;;;2024.0;16.841796875
-1;14900;RAINFOREST_RESIN;10000;4;9995;26;;;10005;26;;;;;10002.5;153.0
-1;15000;KELP;2024;8;2022;25;;;2025;25;;;;;2024.5;17.740234375
-1;15000;RAINFOREST_RESIN;9998;1;9995;25;;;10005;25;;;;;10001.5;153.0
-1;15100;RAINFOREST_RESIN;9995;22;;;;;10005;22;;;;;10000.0;153.0
-1;15100;KELP;2022;27;;;;;2025;22;;;;;2023.5;19.76953125
-1;15200;RAINFOREST_RESIN;9998;6;9995;27;;;10005;27;;;;;10001.5;153.0
-1;15200;KELP;2022;26;;;;;2025;27;;;;;2023.5;19.884765625
-1;15300;KELP;2022;26;;;;;2024;4;2025;26;;;2023.0;20.271484375
-1;15300;RAINFOREST_RESIN;9995;26;;;;;10002;1;10005;26;;;9998.5;153.0
-1;15400;KELP;2022;35;;;;;2025;30;;;;;2023.5;20.9296875
-1;15400;RAINFOREST_RESIN;9996;2;9995;28;;;9998;1;10004;2;10005;28;9997.0;156.0
-1;15500;RAINFOREST_RESIN;10002;1;9996;2;9995;29;10004;2;10005;29;;;10003.0;156.0
-1;15500;KELP;2022;31;;;;;2024;8;2025;31;;;2023.0;19.580078125
-1;15600;RAINFOREST_RESIN;9996;2;9995;24;;;10004;2;10005;24;;;10000.0;158.0
-1;15600;KELP;2022;31;;;;;2025;26;;;;;2023.5;18.462890625
-1;15700;KELP;2022;25;;;;;2025;25;;;;;2023.5;16.71484375
-1;15700;RAINFOREST_RESIN;10002;5;9996;1;9995;24;10004;1;10005;24;;;10003.0;160.0
-1;15800;KELP;2025;1;2022;22;;;2026;22;;;;;2025.5;12.8984375
-1;15800;RAINFOREST_RESIN;9998;10;9996;2;9995;20;10004;2;10005;20;;;10001.0;170.0
-1;15900;RAINFOREST_RESIN;9996;2;9995;29;;;10000;6;10004;2;10005;29;9998.0;170.0
-1;15900;KELP;2023;31;;;;;2024;6;2025;2;2026;31;2023.5;10.1875
-1;16000;RAINFOREST_RESIN;9996;2;9995;27;;;10002;6;10004;2;10005;27;9999.0;170.0
-1;16000;KELP;2023;29;;;;;2025;2;2026;29;;;2024.0;10.78125
-1;16100;KELP;2022;21;;;;;2023;2;2026;21;;;2022.5;16.0625
-1;16100;RAINFOREST_RESIN;9995;21;;;;;10000;2;10002;10;10005;21;9997.5;170.0
-1;16200;KELP;2022;24;;;;;2023;1;2026;24;;;2022.5;14.673828125
-1;16200;RAINFOREST_RESIN;9995;24;;;;;9998;1;10005;24;;;9996.5;170.0
-1;16300;RAINFOREST_RESIN;9996;1;9995;22;;;10004;1;10005;22;;;10000.0;170.0
-1;16300;KELP;2023;2;2022;23;;;2026;23;;;;;2024.5;15.05078125
-1;16400;RAINFOREST_RESIN;9996;2;9995;30;;;10002;3;10004;2;10005;30;9999.0;177.0
-1;16400;KELP;2023;2;2022;30;;;2026;32;;;;;2024.5;12.6171875
-1;16500;KELP;2023;2;2022;21;;;2026;23;;;;;2024.5;12.341796875
-1;16500;RAINFOREST_RESIN;9996;2;9995;21;;;10002;7;10004;2;10005;21;9999.0;177.0
-1;16600;KELP;2022;30;;;;;2023;1;2026;30;;;2022.5;13.55859375
-1;16600;RAINFOREST_RESIN;9998;4;9996;2;9995;28;10004;2;10005;28;;;10001.0;177.0
-1;16700;RAINFOREST_RESIN;10002;1;9995;26;;;10005;26;;;;;10003.5;177.0
-1;16700;KELP;2025;1;2022;26;;;2026;26;;;;;2025.5;12.5546875
-1;16800;RAINFOREST_RESIN;9995;26;;;;;10005;26;;;;;10000.0;179.0
-1;16800;KELP;2022;26;;;;;2026;26;;;;;2024.0;14.869140625
-1;16900;KELP;2023;1;2022;25;;;2026;26;;;;;2024.5;13.3125
-1;16900;RAINFOREST_RESIN;9996;1;9995;25;;;10004;1;10005;25;;;10000.0;189.0
-1;17000;KELP;2023;29;;;;;2026;29;;;;;2024.5;11.73046875
-1;17000;RAINFOREST_RESIN;9998;9;9995;29;;;10005;29;;;;;10001.5;189.0
-1;17100;KELP;2023;23;;;;;2026;23;;;;;2024.5;10.337890625
-1;17100;RAINFOREST_RESIN;9996;2;9995;21;;;10004;2;10005;21;;;10000.0;189.0
-1;17200;RAINFOREST_RESIN;9998;3;9996;2;9995;22;10004;2;10005;22;;;10001.0;189.0
-1;17200;KELP;2023;24;;;;;2026;24;;;;;2024.5;8.658203125
-1;17300;KELP;2023;25;;;;;2025;6;2026;25;;;2024.0;7.58203125
-1;17300;RAINFOREST_RESIN;9996;2;9995;23;;;10002;9;10004;2;10005;23;9999.0;189.0
-1;17400;RAINFOREST_RESIN;10000;6;9998;7;9995;28;10005;28;;;;;10002.5;189.0
-1;17400;KELP;2024;6;2023;28;;;2026;28;;;;;2025.0;4.814453125
-1;17500;KELP;2023;26;;;;;2027;26;;;;;2025.0;4.35546875
-1;17500;RAINFOREST_RESIN;9995;26;;;;;10005;26;;;;;10000.0;189.0
-1;17600;RAINFOREST_RESIN;9998;6;9995;30;;;10005;30;;;;;10001.5;189.0
-1;17600;KELP;2023;30;;;;;2026;30;;;;;2024.5;5.703125
-1;17700;KELP;2025;1;2023;29;;;2026;29;;;;;2025.5;6.65625
-1;17700;RAINFOREST_RESIN;9996;2;9995;27;;;10004;2;10005;27;;;10000.0;189.0
-1;17800;RAINFOREST_RESIN;9996;2;9995;24;;;10002;5;10004;2;10005;24;9999.0;189.0
-1;17800;KELP;2023;26;;;;;2026;2;2027;24;;;2024.5;4.763671875
-1;17900;KELP;2023;23;;;;;2027;23;;;;;2025.0;4.23046875
-1;17900;RAINFOREST_RESIN;9995;23;;;;;10005;23;;;;;10000.0;189.0
-1;18000;RAINFOREST_RESIN;9996;2;9995;25;;;10004;2;10005;25;;;10000.0;189.0
-1;18000;KELP;2023;27;;;;;2026;27;;;;;2024.5;5.2890625
-1;18100;KELP;2023;20;;;;;2027;20;;;;;2025.0;1.671875
-1;18100;RAINFOREST_RESIN;9995;20;;;;;10005;20;;;;;10000.0;189.0
-1;18200;RAINFOREST_RESIN;9996;1;9995;25;;;10004;1;10005;25;;;10000.0;189.0
-1;18200;KELP;2024;21;;;;;2027;26;;;;;2025.5;-2.23046875
-1;18300;KELP;2023;25;;;;;2027;25;;;;;2025.0;0.556640625
-1;18300;RAINFOREST_RESIN;9996;2;9995;23;;;10004;2;10005;23;;;10000.0;189.0
-1;18400;RAINFOREST_RESIN;9996;2;9995;23;;;10004;2;10005;23;;;10000.0;189.0
-1;18400;KELP;2024;25;;;;;2026;5;2027;25;;;2025.0;-4.54296875
-1;18500;KELP;2024;29;;;;;2025;1;2027;29;;;2024.5;-5.359375
-1;18500;RAINFOREST_RESIN;9995;29;;;;;10000;2;10005;29;;;9997.5;189.0
-1;18600;RAINFOREST_RESIN;10002;1;9995;20;;;10005;20;;;;;10003.5;189.0
-1;18600;KELP;2024;20;;;;;2026;5;2027;20;;;2025.0;-6.74609375
-1;18700;KELP;2024;22;;;;;2027;22;;;;;2025.5;-7.12890625
-1;18700;RAINFOREST_RESIN;9995;22;;;;;10005;22;;;;;10000.0;191.0
-1;18800;RAINFOREST_RESIN;9996;2;9995;26;;;10004;2;10005;26;;;10000.0;191.0
-1;18800;KELP;2024;28;;;;;2027;28;;;;;2025.5;-4.115234375
-1;18900;KELP;2024;22;;;;;2027;22;;;;;2025.5;-5.443359375
-1;18900;RAINFOREST_RESIN;9998;2;9995;22;;;10005;22;;;;;10001.5;191.0
-1;19000;RAINFOREST_RESIN;9996;2;9995;26;;;10004;2;10005;26;;;10000.0;191.0
-1;19000;KELP;2024;18;;;;;2027;28;;;;;2025.5;-5.7109375
-1;19100;KELP;2024;28;;;;;2027;28;;;;;2025.5;-6.0625
-1;19100;RAINFOREST_RESIN;9996;2;9995;26;;;10004;2;10005;26;;;10000.0;191.0
-1;19200;RAINFOREST_RESIN;9996;1;9995;20;;;9998;1;10004;1;10005;20;9997.0;191.0
-1;19200;KELP;2024;21;;;;;2027;21;;;;;2025.5;-6.888671875
-1;19300;KELP;2024;23;;;;;2027;23;;;;;2025.5;-7.078125
-1;19300;RAINFOREST_RESIN;9996;2;9995;21;;;10004;2;10005;21;;;10000.0;193.0
-1;19400;RAINFOREST_RESIN;9995;26;;;;;10005;26;;;;;10000.0;195.0
-1;19400;KELP;2023;26;;;;;2027;26;;;;;2025.0;-0.275390625
-1;19500;KELP;2024;23;;;;;2027;23;;;;;2025.5;-4.115234375
-1;19500;RAINFOREST_RESIN;9995;23;;;;;10005;23;;;;;10000.0;195.0
-1;19600;RAINFOREST_RESIN;9996;2;9995;27;;;10004;2;10005;27;;;10000.0;195.0
-1;19600;KELP;2024;2;2023;27;;;2027;29;;;;;2025.5;-0.34765625
-1;19700;KELP;2024;31;;;;;2026;7;2027;32;;;2025.0;-1.55078125
-1;19700;RAINFOREST_RESIN;10002;1;9996;2;9995;30;10004;2;10005;30;;;10003.0;195.0
-1;19800;RAINFOREST_RESIN;9996;2;9995;29;;;10004;2;10005;29;;;10000.0;197.0
-1;19800;KELP;2024;31;;;;;2027;31;;;;;2025.5;-3.12890625
-1;19900;KELP;2024;32;;;;;2027;32;;;;;2025.5;-4.8203125
-1;19900;RAINFOREST_RESIN;9996;2;9995;30;;;10004;2;10005;30;;;10000.0;197.0
-1;20000;KELP;2024;2;2023;27;;;2027;27;;;;;2025.5;2.455078125
-1;20000;RAINFOREST_RESIN;9995;27;;;;;10002;4;10005;27;;;9998.5;197.0
-1;20100;RAINFOREST_RESIN;10002;1;9996;1;9995;30;10004;1;10005;30;;;10003.0;197.0
-1;20100;KELP;2023;31;;;;;2025;4;2027;31;;;2024.0;1.751953125
-1;20200;RAINFOREST_RESIN;9995;29;;;;;9998;1;10005;29;;;9996.5;199.0
-1;20200;KELP;2023;29;;;;;2027;29;;;;;2025.0;3.42578125
-1;20300;KELP;2024;26;;;;;2027;27;;;;;2025.5;-5.80859375
-1;20300;RAINFOREST_RESIN;9995;27;;;;;10005;27;;;;;10000.0;201.0
-1;20400;KELP;2024;30;;;;;2025;4;2027;29;;;2024.5;-2.1484375
-1;20400;RAINFOREST_RESIN;9996;1;9995;28;;;10000;4;10004;1;10005;28;9998.0;201.0
-1;20500;RAINFOREST_RESIN;10000;3;9996;2;9995;30;10004;2;10005;30;;;10002.0;201.0
-1;20500;KELP;2025;4;2024;7;2023;30;2027;32;;;;;2026.0;0.15625
-1;20600;RAINFOREST_RESIN;9996;2;9995;26;;;10004;2;10005;26;;;10000.0;201.0
-1;20600;KELP;2023;28;;;;;2027;28;;;;;2025.0;0.529296875
-1;20700;KELP;2025;6;2023;22;;;2027;22;;;;;2026.0;0.048828125
-1;20700;RAINFOREST_RESIN;10002;1;10000;6;9998;4;10005;22;;;;;10003.5;201.0
-1;20800;KELP;2024;2;2023;22;;;2027;24;;;;;2025.5;-0.107421875
-1;20800;RAINFOREST_RESIN;9996;2;9995;22;;;10004;2;10005;22;;;10000.0;203.0
-1;20900;RAINFOREST_RESIN;9995;23;;;;;10005;23;;;;;10000.0;203.0
-1;20900;KELP;2026;1;2023;23;;;2027;23;;;;;2026.5;-0.69140625
-1;21000;RAINFOREST_RESIN;9996;2;9995;26;;;10004;2;10005;26;;;10000.0;203.0
-1;21000;KELP;2024;28;;;;;2027;28;;;;;2025.5;-1.314453125
-1;21100;KELP;2024;2;2023;22;;;2027;24;;;;;2025.5;-0.154296875
-1;21100;RAINFOREST_RESIN;9996;2;9995;22;;;10004;2;10005;22;;;10000.0;203.0
-1;21200;KELP;2024;22;;;;;2027;22;;;;;2025.5;-2.017578125
-1;21200;RAINFOREST_RESIN;9995;22;;;;;9998;1;10005;22;;;9996.5;203.0
-1;21300;RAINFOREST_RESIN;9996;1;9995;29;;;10002;7;10004;1;10005;29;9999.0;205.0
-1;21300;KELP;2024;1;2023;29;;;2027;30;;;;;2025.5;-0.509765625
-1;21400;RAINFOREST_RESIN;9995;28;;;;;10005;28;;;;;10000.0;221.0
-1;21400;KELP;2024;28;;;;;2027;28;;;;;2025.5;-1.861328125
-1;21500;KELP;2026;4;2024;21;;;2027;21;;;;;2026.5;-7.05078125
-1;21500;RAINFOREST_RESIN;9996;1;9995;20;;;10004;1;10005;20;;;10000.0;221.0
-1;21600;KELP;2024;27;;;;;2027;2;2028;25;;;2025.5;-8.669921875
-1;21600;RAINFOREST_RESIN;10002;12;9996;2;9995;25;10004;2;10005;25;;;10003.0;221.0
-1;21700;RAINFOREST_RESIN;9998;8;9996;2;9995;29;10004;2;10005;29;;;10001.0;233.0
-1;21700;KELP;2024;31;;;;;2027;31;;;;;2025.5;-7.505859375
-1;21800;RAINFOREST_RESIN;9996;2;9995;22;;;10004;2;10005;22;;;10000.0;233.0
-1;21800;KELP;2024;24;;;;;2028;24;;;;;2026.0;-9.783203125
-1;21900;KELP;2024;22;;;;;2028;22;;;;;2026.0;-10.328125
-1;21900;RAINFOREST_RESIN;10002;3;9996;1;9995;21;10004;1;10005;21;;;10003.0;233.0
-1;22000;KELP;2024;21;;;;;2028;21;;;;;2026.0;-8.609375
-1;22000;RAINFOREST_RESIN;9995;21;;;;;10005;21;;;;;10000.0;239.0
-1;22100;RAINFOREST_RESIN;9996;2;9995;22;;;10002;7;10004;2;10005;22;9999.0;239.0
-1;22100;KELP;2024;23;;;;;2027;24;;;;;2025.5;-4.46875
-1;22200;RAINFOREST_RESIN;9998;6;9996;1;9995;20;10004;1;10005;20;;;10001.0;239.0
-1;22200;KELP;2024;21;;;;;2027;21;;;;;2025.5;-1.9140625
-1;22300;KELP;2023;29;;;;;2026;1;2027;28;;;2024.5;4.662109375
-1;22300;RAINFOREST_RESIN;9996;1;9995;28;;;10004;1;10005;28;;;10000.0;249.0
-1;22400;KELP;2023;29;;;;;2026;29;;;;;2024.5;5.224609375
-1;22400;RAINFOREST_RESIN;9996;2;9995;27;;;9998;1;10004;2;10005;27;9997.0;249.0
-1;22500;RAINFOREST_RESIN;9996;2;9995;29;;;10004;2;10005;29;;;10000.0;265.0
-1;22500;KELP;2023;31;;;;;2026;31;;;;;2024.5;8.150390625
-1;22600;RAINFOREST_RESIN;10000;6;9998;6;9996;2;10004;2;10005;20;;;10002.0;265.0
-1;22600;KELP;2024;6;2023;26;;;2026;22;;;;;2025.0;9.09765625
-1;22700;KELP;2023;25;;;;;2026;26;;;;;2024.5;9.552734375
-1;22700;RAINFOREST_RESIN;9996;2;9995;24;;;10004;2;10005;24;;;10000.0;265.0
-1;22800;KELP;2023;27;;;;;2026;28;;;;;2024.5;12.091796875
-1;22800;RAINFOREST_RESIN;9996;1;9995;27;;;9998;2;10004;1;10005;27;9997.0;265.0
-1;22900;RAINFOREST_RESIN;9996;2;9995;30;;;10002;8;10004;2;10005;30;9999.0;265.0
-1;22900;KELP;2023;2;2022;30;;;2026;32;;;;;2024.5;12.759765625
-1;23000;RAINFOREST_RESIN;9996;1;9995;21;;;10004;1;10005;21;;;10000.0;265.0
-1;23000;KELP;2022;22;;;;;2026;22;;;;;2024.0;14.521484375
-1;23100;KELP;2023;23;;;;;2026;23;;;;;2024.5;11.064453125
-1;23100;RAINFOREST_RESIN;9998;8;9995;23;;;10005;23;;;;;10001.5;265.0
-1;23200;KELP;2023;2;2022;29;;;2024;3;2026;31;;;2023.5;12.55078125
-1;23200;RAINFOREST_RESIN;9998;5;9996;2;9995;29;10004;2;10005;29;;;10001.0;265.0
-1;23300;RAINFOREST_RESIN;9996;1;9995;29;;;10004;1;10005;29;;;10000.0;265.0
-1;23300;KELP;2023;30;;;;;2026;30;;;;;2024.5;10.314453125
-1;23400;RAINFOREST_RESIN;9996;1;9995;29;;;10004;1;10005;29;;;10000.0;265.0
-1;23400;KELP;2023;30;;;;;2026;30;;;;;2024.5;10.171875
-1;23500;KELP;2023;29;;;;;2025;4;2026;30;;;2024.0;10.287109375
-1;23500;RAINFOREST_RESIN;9998;8;9996;2;9995;28;10004;2;10005;28;;;10001.0;265.0
-1;23600;KELP;2022;27;;;;;2026;27;;;;;2024.0;12.5234375
-1;23600;RAINFOREST_RESIN;9995;27;;;;;10005;27;;;;;10000.0;265.0
-1;23700;RAINFOREST_RESIN;10002;1;9996;2;9995;21;10004;2;10005;21;;;10003.0;265.0
-1;23700;KELP;2023;2;2022;21;;;2025;7;2026;23;;;2024.0;12.37109375
-1;23800;RAINFOREST_RESIN;9995;30;;;;;10005;30;;;;;10000.0;283.0
-1;23800;KELP;2024;1;2022;30;;;2026;30;;;;;2025.0;16.5859375
-1;23900;KELP;2025;1;2023;1;2022;30;2026;30;;;;;2025.5;13.623046875
-1;23900;RAINFOREST_RESIN;9995;30;;;;;10005;30;;;;;10000.0;283.0
-1;24000;KELP;2022;29;;;;;2026;29;;;;;2024.0;13.69921875
-1;24000;RAINFOREST_RESIN;9998;9;9995;29;;;10005;29;;;;;10001.5;283.0
-1;24100;RAINFOREST_RESIN;9996;1;9995;25;;;10004;1;10005;25;;;10000.0;283.0
-1;24100;KELP;2023;1;2022;25;;;2025;3;2026;26;;;2024.0;12.279296875
-1;24200;RAINFOREST_RESIN;9996;2;9995;28;;;10002;6;10004;2;10005;28;9999.0;297.0
-1;24200;KELP;2023;30;;;;;2026;30;;;;;2024.5;10.330078125
-1;24300;KELP;2023;26;;;;;2026;26;;;;;2024.5;10.0234375
-1;24300;RAINFOREST_RESIN;9996;2;9995;24;;;10002;1;10004;2;10005;24;9999.0;297.0
-1;24400;KELP;2025;1;2023;22;;;2026;22;;;;;2025.5;11.64453125
-1;24400;RAINFOREST_RESIN;10002;1;9998;4;9996;1;10004;1;10005;21;;;10003.0;297.0
-1;24500;RAINFOREST_RESIN;10002;1;9996;1;9995;25;10004;1;10005;25;;;10003.0;299.0
-1;24500;KELP;2022;26;;;;;2026;26;;;;;2024.0;14.7265625
-1;24600;RAINFOREST_RESIN;9995;24;;;;;9998;2;10005;24;;;9996.5;305.0
-1;24600;KELP;2022;24;;;;;2024;2;2026;24;;;2023.0;12.634765625
-1;24700;KELP;2023;25;;;;;2026;25;;;;;2024.5;10.8828125
-1;24700;RAINFOREST_RESIN;9995;25;;;;;10005;25;;;;;10000.0;309.0
-1;24800;KELP;2022;23;;;;;2026;23;;;;;2024.0;14.333984375
-1;24800;RAINFOREST_RESIN;9995;23;;;;;10005;23;;;;;10000.0;309.0
-1;24900;RAINFOREST_RESIN;10002;1;9996;1;9995;22;10004;1;10005;22;;;10003.0;309.0
-1;24900;KELP;2024;4;2022;23;;;2026;23;;;;;2025.0;13.56640625
-1;25000;RAINFOREST_RESIN;9995;23;;;;;10005;23;;;;;10000.0;311.0
-1;25000;KELP;2023;23;;;;;2026;23;;;;;2024.5;11.1953125
-1;25100;KELP;2022;25;;;;;2024;4;2026;25;;;2023.0;13.052734375
-1;25100;RAINFOREST_RESIN;10002;1;9995;25;;;10005;25;;;;;10003.5;311.0
-1;25200;KELP;2023;1;2022;24;;;2025;3;2026;25;;;2024.0;12.5234375
-1;25200;RAINFOREST_RESIN;9996;1;9995;24;;;9998;5;10004;1;10005;24;9997.0;313.0
-1;25300;RAINFOREST_RESIN;9996;2;9995;22;;;10004;2;10005;22;;;10000.0;323.0
-1;25300;KELP;2023;4;2022;22;;;2026;24;;;;;2024.5;12.541015625
-1;25400;RAINFOREST_RESIN;9996;1;9995;29;;;10004;1;10005;29;;;10000.0;323.0
-1;25400;KELP;2025;8;2023;30;;;2026;30;;;;;2025.5;11.7109375
-1;25500;KELP;2022;21;;;;;2025;21;;;;;2023.5;19.064453125
-1;25500;RAINFOREST_RESIN;9996;1;9995;20;;;9998;6;10002;9;10004;1;9997.0;323.0
-1;25600;KELP;2023;31;;;;;2026;23;;;;;2024.5;11.486328125
-1;25600;RAINFOREST_RESIN;9996;1;9995;22;;;10002;7;10004;1;10005;22;9999.0;331.0
-1;25700;RAINFOREST_RESIN;9996;2;9995;30;;;10004;2;10005;30;;;10000.0;331.0
-1;25700;KELP;2023;32;;;;;2025;6;2026;32;;;2024.0;9.681640625
-1;25800;RAINFOREST_RESIN;10002;4;9995;24;;;10005;24;;;;;10003.5;337.0
-1;25800;KELP;2023;23;;;;;2026;24;;;;;2024.5;7.48046875
-1;25900;KELP;2023;25;;;;;2026;25;;;;;2024.5;10.419921875
-1;25900;RAINFOREST_RESIN;9996;2;9995;23;;;10004;2;10005;23;;;10000.0;345.0
-1;26000;RAINFOREST_RESIN;9996;2;9995;27;;;10004;2;10005;27;;;10000.0;345.0
-1;26000;KELP;2023;22;;;;;2026;29;;;;;2024.5;12.142578125
-1;26100;KELP;2023;20;;;;;2026;20;;;;;2024.5;10.154296875
-1;26100;RAINFOREST_RESIN;9998;7;9995;20;;;10005;20;;;;;10001.5;345.0
-1;26200;RAINFOREST_RESIN;9996;1;9995;22;;;10004;1;10005;22;;;10000.0;345.0
-1;26200;KELP;2023;23;;;;;2026;23;;;;;2024.5;9.615234375
-1;26300;KELP;2023;30;;;;;2026;30;;;;;2024.5;10.146484375
-1;26300;RAINFOREST_RESIN;9996;1;9995;29;;;9998;1;10004;1;10005;29;9997.0;345.0
-1;26400;RAINFOREST_RESIN;9995;22;;;;;10005;22;;;;;10000.0;347.0
-1;26400;KELP;2023;27;;;;;2026;22;;;;;2024.5;11.166015625
-1;26500;KELP;2023;24;;;;;2026;24;;;;;2024.5;11.40234375
-1;26500;RAINFOREST_RESIN;9996;1;9995;23;;;10004;1;10005;23;;;10000.0;347.0
-1;26600;RAINFOREST_RESIN;9996;2;9995;28;;;9998;1;10004;2;10005;28;9997.0;347.0
-1;26600;KELP;2023;36;;;;;2026;30;;;;;2024.5;10.322265625
-1;26700;KELP;2023;24;;;;;2025;6;2026;24;;;2024.0;10.462890625
-1;26700;RAINFOREST_RESIN;9998;2;9996;1;9995;23;10004;1;10005;23;;;10001.0;347.0
-1;26800;RAINFOREST_RESIN;9996;2;9995;28;;;10004;2;10005;28;;;10000.0;347.0
-1;26800;KELP;2025;1;2023;30;;;2026;30;;;;;2025.5;10.865234375
-1;26900;KELP;2023;29;;;;;2026;30;;;;;2024.5;11.111328125
-1;26900;RAINFOREST_RESIN;10002;1;9995;30;;;10005;30;;;;;10003.5;347.0
-1;27000;RAINFOREST_RESIN;9995;28;;;;;10002;1;10005;28;;;9998.5;349.0
-1;27000;KELP;2023;30;;;;;2026;28;;;;;2024.5;10.966796875
-1;27100;KELP;2023;27;;;;;2026;24;;;;;2024.5;9.8046875
-1;27100;RAINFOREST_RESIN;9995;24;;;;;10005;24;;;;;10000.0;349.0
-1;27200;RAINFOREST_RESIN;9998;2;9995;21;;;10005;21;;;;;10001.5;349.0
-1;27200;KELP;2023;21;;;;;2025;2;2026;21;;;2024.0;10.337890625
-1;27300;KELP;2025;1;2023;31;;;2026;31;;;;;2025.5;9.951171875
-1;27300;RAINFOREST_RESIN;9996;2;9995;29;;;10004;2;10005;29;;;10000.0;349.0
-1;27400;RAINFOREST_RESIN;9995;21;;;;;10005;21;;;;;10000.0;349.0
-1;27400;KELP;2023;21;;;;;2026;21;;;;;2024.5;6.7421875
-1;27500;KELP;2023;23;;;;;2025;6;2026;23;;;2024.0;6.1953125
-1;27500;RAINFOREST_RESIN;9996;1;9995;22;;;10004;1;10005;22;;;10000.0;349.0
-1;27600;RAINFOREST_RESIN;9998;5;9995;24;;;10005;24;;;;;10001.5;349.0
-1;27600;KELP;2023;30;;;;;2026;24;;;;;2024.5;7.720703125
-1;27700;KELP;2023;19;;;;;2026;24;;;;;2024.5;7.158203125
-1;27700;RAINFOREST_RESIN;9995;24;;;;;10005;24;;;;;10000.0;349.0
-1;27800;RAINFOREST_RESIN;9998;9;9996;2;9995;26;10004;2;10005;26;;;10001.0;349.0
-1;27800;KELP;2023;28;;;;;2025;3;2026;28;;;2024.0;5.6171875
-1;27900;KELP;2025;1;2023;29;;;2026;29;;;;;2025.5;6.515625
-1;27900;RAINFOREST_RESIN;9996;2;9995;27;;;10002;4;10004;2;10005;27;9999.0;349.0
-1;28000;RAINFOREST_RESIN;9998;2;9995;28;;;10005;28;;;;;10001.5;349.0
-1;28000;KELP;2023;28;;;;;2026;28;;;;;2024.5;5.341796875
-1;28100;KELP;2023;26;;;;;2026;26;;;;;2024.5;6.431640625
-1;28100;RAINFOREST_RESIN;9996;2;9995;24;;;10004;2;10005;24;;;10000.0;349.0
-1;28200;RAINFOREST_RESIN;9996;1;9995;25;;;9998;2;10004;1;10005;25;9997.0;349.0
-1;28200;KELP;2023;26;;;;;2025;5;2026;1;2027;25;2024.0;3.654296875
-1;28300;KELP;2023;24;;;;;2024;2;2027;24;;;2023.5;2.865234375
-1;28300;RAINFOREST_RESIN;9996;1;9995;23;;;10004;1;10005;23;;;10000.0;349.0
-1;28400;RAINFOREST_RESIN;9996;2;9995;23;;;10004;2;10005;23;;;10000.0;349.0
-1;28400;KELP;2023;24;;;;;2027;25;;;;;2025.0;3.408203125
-1;28500;KELP;2023;23;;;;;2027;23;;;;;2025.0;1.96875
-1;28500;RAINFOREST_RESIN;9998;10;9995;23;;;10005;23;;;;;10001.5;349.0
-1;28600;RAINFOREST_RESIN;10002;1;9996;2;9995;21;10004;2;10005;21;;;10003.0;349.0
-1;28600;KELP;2023;23;;;;;2025;8;2027;23;;;2024.0;1.8515625
-1;28700;RAINFOREST_RESIN;9995;30;;;;;10005;30;;;;;10000.0;351.0
-1;28700;KELP;2023;30;;;;;2027;30;;;;;2025.0;1.02734375
-1;28800;RAINFOREST_RESIN;9995;27;;;;;10005;27;;;;;10000.0;351.0
-1;28800;KELP;2024;27;;;;;2027;27;;;;;2025.5;-1.310546875
-1;28900;KELP;2024;26;;;;;2027;22;;;;;2025.5;-5.82421875
-1;28900;RAINFOREST_RESIN;9998;7;9996;1;9995;21;10004;1;10005;21;;;10001.0;351.0
-1;29000;KELP;2024;23;;;;;2027;24;;;;;2025.5;-2.734375
-1;29000;RAINFOREST_RESIN;9995;24;;;;;10005;24;;;;;10000.0;351.0
-1;29100;RAINFOREST_RESIN;9996;2;9995;26;;;10004;2;10005;26;;;10000.0;361.0
-1;29100;KELP;2024;31;;;;;2027;28;;;;;2025.5;-4.115234375
-1;29200;RAINFOREST_RESIN;9996;1;9995;30;;;10004;1;10005;30;;;10000.0;361.0
-1;29200;KELP;2026;1;2024;31;;;2027;31;;;;;2026.5;-3.171875
-1;29300;KELP;2024;32;;;;;2026;2;2027;32;;;2025.0;-2.962890625
-1;29300;RAINFOREST_RESIN;9996;2;9995;30;;;10002;3;10004;2;10005;30;9999.0;361.0
-1;29400;KELP;2024;25;;;;;2027;26;;;;;2025.5;0.57421875
-1;29400;RAINFOREST_RESIN;10002;1;9996;1;9995;25;10004;1;10005;25;;;10003.0;361.0
-1;29500;RAINFOREST_RESIN;9996;2;9995;27;;;10004;2;10005;27;;;10000.0;363.0
-1;29500;KELP;2024;31;;;;;2027;29;;;;;2025.5;0.19140625
-1;29600;RAINFOREST_RESIN;9996;2;9995;28;;;10004;2;10005;28;;;10000.0;363.0
-1;29600;KELP;2024;2;2023;28;;;2025;3;2027;30;;;2024.5;6.8203125
-1;29700;KELP;2024;28;;;;;2027;26;;;;;2025.5;-5.11328125
-1;29700;RAINFOREST_RESIN;9996;1;9995;25;;;10002;4;10004;1;10005;25;9999.0;363.0
-1;29800;KELP;2024;31;;;;;2026;1;2027;1;2028;30;2025.0;-6.90234375
-1;29800;RAINFOREST_RESIN;9998;6;9996;1;9995;30;10004;1;10005;30;;;10001.0;363.0
-1;29900;RAINFOREST_RESIN;9995;21;;;;;10005;21;;;;;10000.0;363.0
-1;29900;KELP;2025;8;2024;21;;;2028;21;;;;;2026.5;-8.18359375
-1;30000;RAINFOREST_RESIN;9998;3;9996;1;9995;30;10004;1;10005;30;;;10001.0;363.0
-1;30000;KELP;2024;31;;;;;2028;31;;;;;2026.0;-10.20703125
-1;30100;KELP;2024;30;;;;;2027;30;;;;;2025.5;-4.6484375
-1;30100;RAINFOREST_RESIN;9996;2;9995;28;;;10004;2;10005;28;;;10000.0;365.0
-1;30200;KELP;2024;22;;;;;2027;22;;;;;2025.5;-6.26171875
-1;30200;RAINFOREST_RESIN;9996;2;9995;20;;;10004;2;10005;20;;;10000.0;365.0
-1;30300;RAINFOREST_RESIN;9996;2;9995;29;;;10002;9;10004;2;10005;29;9999.0;365.0
-1;30300;KELP;2026;1;2024;31;;;2027;31;;;;;2026.5;-3.48046875
-1;30400;RAINFOREST_RESIN;10000;5;9996;2;9995;29;10002;8;10004;2;10005;29;10001.0;365.0
-1;30400;KELP;2025;5;2024;31;;;2027;31;;;;;2026.0;-0.3203125
-1;30500;KELP;2024;22;;;;;2027;22;;;;;2025.5;5.0078125
-1;30500;RAINFOREST_RESIN;9998;5;9996;2;9995;20;10004;2;10005;20;;;10001.0;365.0
-1;30600;KELP;2024;1;2023;20;;;2027;22;;;;;2025.5;6.3125
-1;30600;RAINFOREST_RESIN;9996;2;9995;20;;;10002;4;10004;2;10005;20;9999.0;365.0
-1;30700;RAINFOREST_RESIN;9995;30;;;;;10005;30;;;;;10000.0;365.0
-1;30700;KELP;2024;30;;;;;2027;30;;;;;2025.5;5.0
-1;30800;RAINFOREST_RESIN;9996;1;9995;30;;;10004;1;10005;30;;;10000.0;365.0
-1;30800;KELP;2024;4;2023;30;;;2027;31;;;;;2025.5;5.8515625
-1;30900;KELP;2023;30;;;;;2025;7;2026;30;;;2024.0;17.9375
-1;30900;RAINFOREST_RESIN;9996;2;9995;28;;;10002;6;10004;2;10005;28;9999.0;365.0
-1;31000;KELP;2024;4;2023;30;;;2026;23;;;;;2025.0;16.40625
-1;31000;RAINFOREST_RESIN;10000;4;9996;1;9995;22;10004;1;10005;22;;;10002.0;365.0
-1;31100;RAINFOREST_RESIN;9996;2;9995;27;;;10004;2;10005;27;;;10000.0;365.0
-1;31100;KELP;2023;29;;;;;2026;2;2027;27;;;2024.5;14.25390625
-1;31200;RAINFOREST_RESIN;9996;2;9995;29;;;10002;6;10004;2;10005;29;9999.0;365.0
-1;31200;KELP;2023;31;;;;;2026;31;;;;;2024.5;14.93359375
-1;31300;KELP;2023;24;;;;;2026;24;;;;;2024.5;15.5234375
-1;31300;RAINFOREST_RESIN;9996;1;9995;23;;;10004;1;10005;23;;;10000.0;365.0
-1;31400;KELP;2023;26;;;;;2026;26;;;;;2024.5;19.78515625
-1;31400;RAINFOREST_RESIN;9995;26;;;;;9998;1;10005;26;;;9996.5;365.0
-1;31500;RAINFOREST_RESIN;9995;30;;;;;10005;30;;;;;10000.0;365.0
-1;31500;KELP;2023;35;;;;;2026;30;;;;;2024.5;18.51171875
-1;31600;RAINFOREST_RESIN;9995;27;;;;;10005;27;;;;;10000.0;365.0
-1;31600;KELP;2025;1;2023;27;;;2026;27;;;;;2025.5;16.54296875
-1;31700;KELP;2023;24;;;;;2025;3;2026;24;;;2024.0;16.08984375
-1;31700;RAINFOREST_RESIN;9996;2;9995;22;;;10004;2;10005;22;;;10000.0;365.0
-1;31800;KELP;2024;6;2023;26;;;2026;1;2027;25;;;2025.0;12.66015625
-1;31800;RAINFOREST_RESIN;10000;6;9996;1;9995;25;10004;1;10005;25;;;10002.0;365.0
-1;31900;RAINFOREST_RESIN;9998;3;9995;28;;;10005;28;;;;;10001.5;365.0
-1;31900;KELP;2024;4;2023;28;;;2027;28;;;;;2025.5;12.37890625
-1;32000;RAINFOREST_RESIN;9996;1;9995;24;;;10004;1;10005;24;;;10000.0;369.0
-1;32000;KELP;2024;2;2023;25;;;2026;1;2027;24;;;2025.0;13.60546875
-1;32100;KELP;2023;29;;;;;2026;29;;;;;2024.5;20.38671875
-1;32100;RAINFOREST_RESIN;9996;1;9995;28;;;10004;1;10005;28;;;10000.0;369.0
-1;32200;KELP;2023;28;;;;;2027;28;;;;;2025.0;11.125
-1;32200;RAINFOREST_RESIN;9996;1;9995;27;;;10004;1;10005;27;;;10000.0;369.0
-1;32300;RAINFOREST_RESIN;9995;25;;;;;10005;25;;;;;10000.0;369.0
-1;32300;KELP;2023;25;;;;;2026;25;;;;;2024.5;17.140625
-1;32400;RAINFOREST_RESIN;9996;1;9995;30;;;10004;1;10005;30;;;10000.0;369.0
-1;32400;KELP;2023;30;;;;;2026;1;2027;30;;;2024.5;13.95703125
-1;32500;KELP;2023;21;;;;;2025;5;2027;22;;;2024.0;11.2265625
-1;32500;RAINFOREST_RESIN;9998;1;9996;1;9995;21;10004;1;10005;21;;;10001.0;369.0
-1;32600;KELP;2023;30;;;;;2027;30;;;;;2025.0;9.91796875
-1;32600;RAINFOREST_RESIN;10002;1;9995;30;;;10005;30;;;;;10003.5;369.0
-1;32700;RAINFOREST_RESIN;9996;2;9995;22;;;10004;2;10005;22;;;10000.0;375.0
-1;32700;KELP;2023;24;;;;;2026;2;2027;22;;;2024.5;14.69921875
-1;32800;RAINFOREST_RESIN;9996;2;9995;28;;;10004;2;10005;28;;;10000.0;375.0
-1;32800;KELP;2023;30;;;;;2026;2;2027;28;;;2024.5;15.21875
-1;32900;KELP;2023;29;;;;;2026;2;2027;27;;;2024.5;16.83984375
-1;32900;RAINFOREST_RESIN;9996;2;9995;27;;;10004;2;10005;27;;;10000.0;389.0
-1;33000;KELP;2025;1;2023;30;;;2026;30;;;;;2025.5;19.37890625
-1;33000;RAINFOREST_RESIN;9996;2;9995;28;;;10004;2;10005;28;;;10000.0;389.0
-1;33100;RAINFOREST_RESIN;9996;1;9995;28;;;10004;1;10005;28;;;10000.0;389.0
-1;33100;KELP;2023;28;;;;;2025;3;2026;29;;;2024.0;19.11328125
-1;33200;RAINFOREST_RESIN;9996;1;9995;20;;;10002;7;10004;1;10005;20;9999.0;389.0
-1;33200;KELP;2023;20;;;;;2024;10;2026;1;2027;20;2023.5;14.953125
-1;33300;KELP;2024;1;2023;20;;;2027;21;;;;;2025.5;7.59375
-1;33300;RAINFOREST_RESIN;9996;1;9995;20;;;10004;1;10005;20;;;10000.0;389.0
-1;33400;KELP;2023;32;;;;;2027;32;;;;;2025.0;10.46875
-1;33400;RAINFOREST_RESIN;9996;2;9995;30;;;10002;3;10004;2;10005;30;9999.0;389.0
-1;33500;RAINFOREST_RESIN;9996;1;9995;20;;;10004;1;10005;20;;;10000.0;389.0
-1;33500;KELP;2023;21;;;;;2026;21;;;;;2024.5;20.859375
-1;33600;RAINFOREST_RESIN;10002;6;9995;27;;;10005;27;;;;;10003.5;391.0
-1;33600;KELP;2023;27;;;;;2026;27;;;;;2024.5;22.390625
-1;33700;KELP;2023;32;;;;;2026;28;;;;;2024.5;24.73828125
-1;33700;RAINFOREST_RESIN;9996;1;9995;27;;;10002;1;10004;1;10005;27;9999.0;403.0
-1;33800;KELP;2024;3;2023;31;;;2026;26;;;;;2025.0;28.296875
-1;33800;RAINFOREST_RESIN;9996;1;9995;25;;;10004;1;10005;25;;;10000.0;403.0
-1;33900;RAINFOREST_RESIN;9995;24;;;;;10005;24;;;;;10000.0;403.0
-1;33900;KELP;2023;24;;;;;2026;24;;;;;2024.5;24.73828125
-1;34000;RAINFOREST_RESIN;10002;1;9995;30;;;10005;30;;;;;10003.5;403.0
-1;34000;KELP;2023;29;;;;;2025;8;2026;30;;;2024.0;23.609375
-1;34100;KELP;2023;25;;;;;2026;23;;;;;2024.5;26.78515625
-1;34100;RAINFOREST_RESIN;9996;1;9995;22;;;10004;1;10005;22;;;10000.0;405.0
-1;34200;KELP;2022;23;;;;;2024;1;2026;23;;;2023.0;34.73828125
-1;34200;RAINFOREST_RESIN;9995;23;;;;;10005;23;;;;;10000.0;411.0
-1;34300;RAINFOREST_RESIN;10002;1;9996;1;9995;22;10004;1;10005;22;;;10003.0;411.0
-1;34300;KELP;2022;23;;;;;2026;23;;;;;2024.0;37.3203125
-1;34400;RAINFOREST_RESIN;9996;2;9995;23;;;10004;2;10005;23;;;10000.0;413.0
-1;34400;KELP;2023;3;2022;25;;;2025;2;2026;23;;;2024.0;37.828125
-1;34500;KELP;2022;30;;;;;2023;5;2024;1;2026;30;2022.5;37.6484375
-1;34500;RAINFOREST_RESIN;9995;30;;;;;10005;30;;;;;10000.0;413.0
-1;34600;KELP;2022;29;;;;;2023;1;2026;29;;;2022.5;33.1953125
-1;34600;RAINFOREST_RESIN;9995;29;;;;;10005;29;;;;;10000.0;413.0
-1;34700;RAINFOREST_RESIN;9998;6;9995;24;;;10005;24;;;;;10001.5;413.0
-1;34700;KELP;2023;24;;;;;2026;24;;;;;2024.5;29.87109375
-1;34800;RAINFOREST_RESIN;9996;2;9995;23;;;10004;2;10005;23;;;10000.0;413.0
-1;34800;KELP;2023;2;2022;23;;;2026;25;;;;;2024.5;32.140625
-1;34900;KELP;2023;21;;;;;2026;21;;;;;2024.5;29.33203125
-1;34900;RAINFOREST_RESIN;9996;1;9995;20;;;10004;1;10005;20;;;10000.0;413.0
-1;35000;RAINFOREST_RESIN;10002;1;9995;20;;;10005;20;;;;;10003.5;413.0
-1;35000;KELP;2025;1;2023;20;;;2026;20;;;;;2025.5;16.9453125
-1;35100;KELP;2023;31;;;;;2026;31;;;;;2024.5;23.734375
-1;35100;RAINFOREST_RESIN;10002;3;9996;2;9995;29;10004;2;10005;29;;;10003.0;415.0
-1;35200;RAINFOREST_RESIN;9996;2;9995;28;;;10002;10;10004;2;10005;28;9999.0;421.0
-1;35200;KELP;2023;33;;;;;2026;30;;;;;2024.5;19.828125
-1;35300;KELP;2023;20;;;;;2026;28;;;;;2024.5;27.5234375
-1;35300;RAINFOREST_RESIN;9998;6;9996;1;9995;27;10004;1;10005;27;;;10001.0;421.0
-1;35400;RAINFOREST_RESIN;10002;3;9995;25;;;10005;25;;;;;10003.5;421.0
-1;35400;KELP;2025;1;2023;27;;;2026;25;;;;;2025.5;28.4765625
-1;35500;KELP;2023;28;;;;;2026;28;;;;;2024.5;27.55859375
-1;35500;RAINFOREST_RESIN;9996;2;9995;26;;;10004;2;10005;26;;;10000.0;421.0
-1;35600;RAINFOREST_RESIN;9995;26;;;;;10005;26;;;;;10000.0;421.0
-1;35600;KELP;2023;26;;;;;2026;26;;;;;2024.5;29.21875
-1;35700;KELP;2023;29;;;;;2026;29;;;;;2024.5;26.8671875
-1;35700;RAINFOREST_RESIN;9996;2;9995;27;;;10004;2;10005;27;;;10000.0;421.0
-1;35800;RAINFOREST_RESIN;9998;7;9996;1;9995;30;10004;1;10005;30;;;10001.0;421.0
-1;35800;KELP;2023;29;;;;;2026;31;;;;;2024.5;27.34765625
-1;35900;KELP;2023;2;2022;21;;;2026;23;;;;;2024.5;31.83984375
-1;35900;RAINFOREST_RESIN;9996;2;9995;21;;;10004;2;10005;21;;;10000.0;421.0
-1;36000;RAINFOREST_RESIN;9995;30;;;;;10002;5;10005;30;;;9998.5;421.0
-1;36000;KELP;2022;30;;;;;2024;3;2026;30;;;2023.0;31.7421875
-1;36100;KELP;2022;26;;;;;2025;2;2026;24;;;2023.5;38.140625
-1;36100;RAINFOREST_RESIN;10002;8;9996;2;9995;24;10004;2;10005;24;;;10003.0;421.0
-1;36200;RAINFOREST_RESIN;9996;1;9995;29;;;9998;1;10004;1;10005;29;9997.0;437.0
-1;36200;KELP;2022;30;;;;;2025;1;2026;29;;;2023.5;37.94140625
-1;36300;KELP;2022;22;;;;;2024;6;2025;22;;;2023.0;40.11328125
-1;36300;RAINFOREST_RESIN;9996;1;9995;21;;;10004;1;10005;21;;;10000.0;439.0
-1;36400;RAINFOREST_RESIN;9998;1;9996;1;9995;20;10004;1;10005;20;;;10001.0;439.0
-1;36400;KELP;2024;1;2023;3;2022;21;2025;1;2026;20;;;2024.5;39.18359375
-1;36500;KELP;2022;25;;;;;2023;2;2025;25;;;2022.5;43.16015625
-1;36500;RAINFOREST_RESIN;9995;25;;;;;10005;25;;;;;10000.0;439.0
-1;36600;RAINFOREST_RESIN;9996;1;9995;28;;;10004;1;10005;28;;;10000.0;439.0
-1;36600;KELP;2022;29;;;;;2025;29;;;;;2023.5;40.65625
-1;36700;KELP;2021;21;;;;;2025;21;;;;;2023.0;60.953125
-1;36700;RAINFOREST_RESIN;9995;21;;;;;10005;21;;;;;10000.0;439.0
-1;36800;RAINFOREST_RESIN;9995;30;;;;;10005;30;;;;;10000.0;439.0
-1;36800;KELP;2021;30;;;;;2025;30;;;;;2023.0;59.203125
-1;36900;KELP;2021;27;;;;;2024;27;;;;;2022.5;73.68359375
-1;36900;RAINFOREST_RESIN;9996;1;9995;26;;;10004;1;10005;26;;;10000.0;439.0
-1;37000;RAINFOREST_RESIN;9996;2;9995;23;;;10004;2;10005;23;;;10000.0;439.0
-1;37000;KELP;2020;25;;;;;2024;25;;;;;2022.0;82.43359375
-1;37100;KELP;2021;27;;;;;2024;23;;;;;2022.5;67.7890625
-1;37100;RAINFOREST_RESIN;9996;2;9995;21;;;10004;2;10005;21;;;10000.0;439.0
-1;37200;RAINFOREST_RESIN;9996;1;9995;20;;;10004;1;10005;20;;;10000.0;439.0
-1;37200;KELP;2021;25;;;;;2024;21;;;;;2022.5;69.203125
-1;37300;KELP;2022;4;2021;28;;;2024;1;2025;27;;;2023.0;62.33203125
-1;37300;RAINFOREST_RESIN;9996;1;9995;27;;;9998;10;10002;4;10004;1;9997.0;439.0
-1;37400;RAINFOREST_RESIN;10002;1;9998;2;9995;30;10005;30;;;;;10003.5;457.0
-1;37400;KELP;2021;30;;;;;2024;30;;;;;2022.5;64.61328125
-1;37500;KELP;2020;27;;;;;2024;27;;;;;2022.0;80.98828125
-1;37500;RAINFOREST_RESIN;9996;2;9995;25;;;10004;2;10005;25;;;10000.0;459.0
-1;37600;KELP;2020;22;;;;;2024;22;;;;;2022.0;85.1328125
-1;37600;RAINFOREST_RESIN;9995;22;;;;;10002;7;10005;22;;;9998.5;461.0
-1;37700;RAINFOREST_RESIN;9996;1;9995;23;;;10004;1;10005;23;;;10000.0;461.0
-1;37700;KELP;2020;24;;;;;2024;24;;;;;2022.0;84.23046875
-1;37800;RAINFOREST_RESIN;9995;25;;;;;10005;25;;;;;10000.0;461.0
-1;37800;KELP;2020;24;;;;;2024;25;;;;;2022.0;86.3984375
-1;37900;KELP;2019;25;;;;;2023;25;;;;;2021.0;104.09765625
-1;37900;RAINFOREST_RESIN;9995;25;;;;;10005;25;;;;;10000.0;461.0
-1;38000;KELP;2019;32;;;;;2021;4;2023;32;;;2020.0;104.29296875
-1;38000;RAINFOREST_RESIN;10002;1;9996;2;9995;30;10004;2;10005;30;;;10003.0;461.0
-1;38100;RAINFOREST_RESIN;9996;2;9995;26;;;10002;2;10004;2;10005;26;9999.0;463.0
-1;38100;KELP;2019;28;;;;;2022;2;2023;26;;;2020.5;107.484375
-1;38200;RAINFOREST_RESIN;9996;1;9995;27;;;10004;1;10005;27;;;10000.0;463.0
-1;38200;KELP;2019;28;;;;;2023;28;;;;;2021.0;101.828125
-1;38300;KELP;2019;26;;;;;2022;26;;;;;2020.5;109.7421875
-1;38300;RAINFOREST_RESIN;9998;5;9995;26;;;10005;26;;;;;10001.5;463.0
-1;38400;KELP;2019;24;;;;;2020;6;2022;24;;;2019.5;110.6875
-1;38400;RAINFOREST_RESIN;9996;1;9995;23;;;10000;6;10004;1;10005;23;9998.0;463.0
-1;38500;RAINFOREST_RESIN;10002;1;9995;21;;;10005;21;;;;;10003.5;463.0
-1;38500;KELP;2019;21;;;;;2022;21;;;;;2020.5;113.72265625
-1;38600;RAINFOREST_RESIN;9996;2;9995;28;;;10004;2;10005;28;;;10000.0;465.0
-1;38600;KELP;2019;30;;;;;2022;30;;;;;2020.5;112.5625
-1;38700;KELP;2019;20;;;;;2022;20;;;;;2020.5;111.6015625
-1;38700;RAINFOREST_RESIN;9995;20;;;;;10005;20;;;;;10000.0;467.0
-1;38800;KELP;2019;21;;;;;2020;2;2021;1;2022;21;2019.5;111.55078125
-1;38800;RAINFOREST_RESIN;9996;1;9995;20;;;10002;1;10004;1;10005;20;9999.0;467.0
-1;38900;RAINFOREST_RESIN;9996;2;9995;30;;;10004;2;10005;30;;;10000.0;481.0
-1;38900;KELP;2019;32;;;;;2021;7;2022;2;2023;30;2020.0;108.4375
-1;39000;RAINFOREST_RESIN;9995;23;;;;;10002;9;10005;23;;;9998.5;481.0
-1;39000;KELP;2019;23;;;;;2023;23;;;;;2021.0;104.08984375
-1;39100;KELP;2020;25;;;;;2023;25;;;;;2021.5;94.02734375
-1;39100;RAINFOREST_RESIN;9998;8;9996;1;9995;24;10004;1;10005;24;;;10001.0;481.0
-1;39200;KELP;2020;30;;;;;2022;2;2023;30;;;2021.0;91.71484375
-1;39200;RAINFOREST_RESIN;9996;1;9995;29;;;10004;1;10005;29;;;10000.0;481.0
-1;39300;RAINFOREST_RESIN;9995;27;;;;;10005;27;;;;;10000.0;481.0
-1;39300;KELP;2020;27;;;;;2023;27;;;;;2021.5;88.41796875
-1;39400;RAINFOREST_RESIN;9996;1;9995;30;;;10004;1;10005;30;;;10000.0;481.0
-1;39400;KELP;2020;31;;;;;2022;5;2023;31;;;2021.0;96.0546875
-1;39500;KELP;2019;27;;;;;2021;3;2022;27;;;2020.0;113.71875
-1;39500;RAINFOREST_RESIN;9995;27;;;;;9998;1;10002;2;10005;27;9996.5;483.0
-1;39600;KELP;2021;4;2019;23;;;2023;23;;;;;2022.0;106.3984375
-1;39600;RAINFOREST_RESIN;9995;23;;;;;10005;23;;;;;10000.0;483.0
-1;39700;RAINFOREST_RESIN;9996;2;9995;22;;;10004;2;10005;22;;;10000.0;483.0
-1;39700;KELP;2019;28;;;;;2022;2;2023;22;;;2020.5;108.30859375
-1;39800;RAINFOREST_RESIN;9996;1;9995;27;;;10004;1;10005;27;;;10000.0;483.0
-1;39800;KELP;2019;28;;;;;2022;1;2023;27;;;2020.5;108.4453125
-1;39900;KELP;2019;31;;;;;2022;31;;;;;2020.5;114.44921875
-1;39900;RAINFOREST_RESIN;9996;1;9995;30;;;10002;4;10004;1;10005;30;9999.0;483.0
-1;40000;KELP;2018;22;;;;;2022;22;;;;;2020.0;121.87890625
-1;40000;RAINFOREST_RESIN;9995;22;;;;;10005;22;;;;;10000.0;483.0
-1;40100;RAINFOREST_RESIN;9996;2;9995;29;;;10002;8;10004;2;10005;29;9999.0;483.0
-1;40100;KELP;2019;31;;;;;2022;31;;;;;2020.5;114.7734375
-1;40200;RAINFOREST_RESIN;9996;1;9995;28;;;10004;1;10005;28;;;10000.0;483.0
-1;40200;KELP;2019;1;2018;28;;;2022;29;;;;;2020.5;122.2578125
-1;40300;KELP;2019;22;;;;;2022;22;;;;;2020.5;119.21484375
-1;40300;RAINFOREST_RESIN;9995;22;;;;;9998;1;10005;22;;;9996.5;483.0
-1;40400;KELP;2018;24;;;;;2022;24;;;;;2020.0;124.6640625
-1;40400;RAINFOREST_RESIN;9996;1;9995;23;;;10004;1;10005;23;;;10000.0;483.0
-1;40500;RAINFOREST_RESIN;10002;1;9996;2;9995;27;10004;2;10005;27;;;10003.0;483.0
-1;40500;KELP;2019;1;2018;27;;;2022;29;;;;;2020.5;123.07421875
-1;40600;RAINFOREST_RESIN;9996;2;9995;24;;;10004;2;10005;24;;;10000.0;485.0
-1;40600;KELP;2019;4;2018;26;;;2022;26;;;;;2020.5;126.0546875
-1;40700;KELP;2018;22;;;;;2021;22;;;;;2019.5;138.4453125
-1;40700;RAINFOREST_RESIN;9998;7;9996;2;9995;20;10004;2;10005;20;;;10001.0;485.0
-1;40800;KELP;2018;27;;;;;2021;27;;;;;2019.5;133.33203125
-1;40800;RAINFOREST_RESIN;9995;27;;;;;10005;27;;;;;10000.0;485.0
-1;40900;RAINFOREST_RESIN;9998;10;9996;2;9995;26;10004;2;10005;26;;;10001.0;485.0
-1;40900;KELP;2017;28;;;;;2021;28;;;;;2019.0;146.34765625
-1;41000;RAINFOREST_RESIN;9995;21;;;;;10002;10;10005;21;;;9998.5;491.0
-1;41000;KELP;2018;20;;;;;2020;3;2021;21;;;2019.0;136.4765625
-1;41100;KELP;2018;24;;;;;2021;27;;;;;2019.5;137.48046875
-1;41100;RAINFOREST_RESIN;9995;27;;;;;10005;27;;;;;10000.0;491.0
-1;41200;KELP;2018;29;;;;;2021;29;;;;;2019.5;137.78515625
-1;41200;RAINFOREST_RESIN;9995;29;;;;;10005;29;;;;;10000.0;491.0
-1;41300;RAINFOREST_RESIN;9998;2;9996;1;9995;24;10004;1;10005;24;;;10001.0;491.0
-1;41300;KELP;2017;25;;;;;2019;4;2021;25;;;2018.0;148.890625
-1;41400;RAINFOREST_RESIN;9998;5;9996;2;9995;23;10000;4;10004;2;10005;23;9999.0;491.0
-1;41400;KELP;2017;25;;;;;2018;4;2019;5;2020;25;2017.5;163.546875
-1;41500;KELP;2017;22;;;;;2019;1;2021;22;;;2018.0;150.5625
-1;41500;RAINFOREST_RESIN;9998;8;9996;2;9995;20;10004;2;10005;20;;;10001.0;491.0
-1;41600;KELP;2017;23;;;;;2019;7;2020;1;2021;22;2018.0;152.046875
-1;41600;RAINFOREST_RESIN;9996;1;9995;22;;;10004;1;10005;22;;;10000.0;491.0
-1;41700;RAINFOREST_RESIN;10000;5;9995;21;;;10005;21;;;;;10002.5;491.0
-1;41700;KELP;2019;4;2017;21;;;2021;21;;;;;2020.0;148.14453125
-1;41800;RAINFOREST_RESIN;9996;2;9995;22;;;10004;2;10005;22;;;10000.0;491.0
-1;41800;KELP;2018;24;;;;;2021;24;;;;;2019.5;139.37109375
-1;41900;KELP;2018;22;;;;;2020;1;2021;22;;;2019.0;138.3125
-1;41900;RAINFOREST_RESIN;9996;1;9995;21;;;9998;4;10004;1;10005;21;9997.0;491.0
-1;42000;KELP;2018;31;;;;;2020;5;2021;32;;;2019.0;134.4609375
-1;42000;RAINFOREST_RESIN;9996;2;9995;30;;;10004;2;10005;30;;;10000.0;491.0
-1;42100;RAINFOREST_RESIN;9998;8;9996;2;9995;21;10004;2;10005;21;;;10001.0;491.0
-1;42100;KELP;2018;23;;;;;2021;2;2022;21;;;2019.5;131.7578125
-1;42200;RAINFOREST_RESIN;10002;1;9995;28;;;10005;28;;;;;10003.5;491.0
-1;42200;KELP;2018;28;;;;;2022;28;;;;;2020.0;130.80078125
-1;42300;KELP;2018;20;;;;;2019;7;2020;2;2022;20;2018.5;129.75
-1;42300;RAINFOREST_RESIN;9995;20;;;;;10005;20;;;;;10000.0;493.0
-1;42400;KELP;2019;30;;;;;2022;31;;;;;2020.5;122.32421875
-1;42400;RAINFOREST_RESIN;9996;2;9995;29;;;10004;2;10005;29;;;10000.0;493.0
-1;42500;RAINFOREST_RESIN;9995;24;;;;;10002;3;10005;24;;;9998.5;493.0
-1;42500;KELP;2019;24;;;;;2022;24;;;;;2020.5;122.90234375
-1;42600;RAINFOREST_RESIN;9995;26;;;;;10005;26;;;;;10000.0;509.0
-1;42600;KELP;2019;26;;;;;2022;26;;;;;2020.5;120.828125
-1;42700;KELP;2018;26;;;;;2022;26;;;;;2020.0;127.6640625
-1;42700;RAINFOREST_RESIN;9995;26;;;;;10005;26;;;;;10000.0;513.0
-1;42800;KELP;2019;30;;;;;2022;30;;;;;2020.5;122.55078125
-1;42800;RAINFOREST_RESIN;9995;30;;;;;10005;30;;;;;10000.0;513.0
-1;42900;RAINFOREST_RESIN;9995;25;;;;;10005;25;;;;;10000.0;513.0
-1;42900;KELP;2019;25;;;;;2022;25;;;;;2020.5;117.7109375
-1;43000;RAINFOREST_RESIN;9995;23;;;;;10005;23;;;;;10000.0;517.0
-1;43000;KELP;2020;2;2019;23;;;2023;23;;;;;2021.5;107.53125
-1;43100;KELP;2020;21;;;;;2023;21;;;;;2021.5;99.30078125
-1;43100;RAINFOREST_RESIN;9995;21;;;;;10005;21;;;;;10000.0;517.0
-1;43200;KELP;2019;21;;;;;2023;21;;;;;2021.0;104.62109375
-1;43200;RAINFOREST_RESIN;9996;1;9995;20;;;10004;1;10005;20;;;10000.0;517.0
-1;43300;RAINFOREST_RESIN;9996;1;9995;24;;;10004;1;10005;24;;;10000.0;517.0
-1;43300;KELP;2019;25;;;;;2021;2;2023;25;;;2020.0;104.77734375
-1;43400;RAINFOREST_RESIN;9996;2;9995;22;;;10004;2;10005;22;;;10000.0;517.0
-1;43400;KELP;2021;4;2020;24;;;2023;24;;;;;2022.0;100.7890625
-1;43500;KELP;2020;22;;;;;2022;7;2023;23;;;2021.0;98.79296875
-1;43500;RAINFOREST_RESIN;9998;7;9995;23;;;10005;23;;;;;10001.5;517.0
-1;43600;KELP;2020;5;2019;21;;;2023;23;;;;;2021.5;102.328125
-1;43600;RAINFOREST_RESIN;9996;2;9995;21;;;10002;9;10004;2;10005;21;9999.0;517.0
-1;43700;KELP;2020;24;;;;;2023;24;;;;;2021.5;99.734375
-1;43700;RAINFOREST_RESIN;9996;1;9995;23;;;10004;1;10005;23;;;10000.0;517.0
-1;43800;RAINFOREST_RESIN;9996;2;9995;26;;;10004;2;10005;26;;;10000.0;517.0
-1;43800;KELP;2020;35;;;;;2023;28;;;;;2021.5;95.48828125
-1;43900;KELP;2020;36;;;;;2023;30;;;;;2021.5;100.6171875
-1;43900;RAINFOREST_RESIN;10002;4;9998;2;9996;1;10004;1;10005;29;;;10003.0;517.0
-1;44000;RAINFOREST_RESIN;9996;2;9995;20;;;10004;2;10005;20;;;10000.0;525.0
-1;44000;KELP;2020;22;;;;;2022;3;2023;22;;;2021.0;95.09765625
-1;44100;KELP;2019;24;;;;;2023;24;;;;;2021.0;108.84765625
-1;44100;RAINFOREST_RESIN;9995;24;;;;;9998;1;10002;2;10005;24;9996.5;525.0
-1;44200;RAINFOREST_RESIN;9995;21;;;;;10005;21;;;;;10000.0;527.0
-1;44200;KELP;2019;21;;;;;2023;21;;;;;2021.0;110.1953125
-1;44300;KELP;2019;27;;;;;2023;27;;;;;2021.0;108.265625
-1;44300;RAINFOREST_RESIN;9995;27;;;;;10005;27;;;;;10000.0;527.0
-1;44400;RAINFOREST_RESIN;9998;7;9995;28;;;10005;28;;;;;10001.5;527.0
-1;44400;KELP;2018;28;;;;;2022;28;;;;;2020.0;131.2109375
-1;44500;KELP;2021;1;2019;2;2018;21;2022;21;;;;;2021.5;130.0234375
-1;44500;RAINFOREST_RESIN;9995;21;;;;;10005;21;;;;;10000.0;527.0
-1;44600;RAINFOREST_RESIN;9996;1;9995;23;;;10004;1;10005;23;;;10000.0;527.0
-1;44600;KELP;2019;24;;;;;2022;24;;;;;2020.5;124.96875
-1;44700;KELP;2019;29;;;;;2022;29;;;;;2020.5;126.2734375
-1;44700;RAINFOREST_RESIN;9995;29;;;;;10002;10;10005;29;;;9998.5;527.0
-1;44800;RAINFOREST_RESIN;9995;29;;;;;9998;1;10002;10;10005;29;9996.5;527.0
-1;44800;KELP;2018;29;;;;;2022;29;;;;;2020.0;131.8984375
-1;44900;KELP;2019;1;2018;26;;;2022;26;;;;;2020.5;133.953125
-1;44900;RAINFOREST_RESIN;9996;1;9995;25;;;10004;1;10005;25;;;10000.0;527.0
-1;45000;RAINFOREST_RESIN;10002;1;9996;2;9995;24;10004;2;10005;24;;;10003.0;527.0
-1;45000;KELP;2018;26;;;;;2022;26;;;;;2020.0;133.40234375
-1;45100;KELP;2019;27;;;;;2021;5;2022;27;;;2020.0;127.32421875
-1;45100;RAINFOREST_RESIN;9996;1;9995;26;;;10004;1;10005;26;;;10000.0;529.0
-1;45200;RAINFOREST_RESIN;9996;1;9995;28;;;10004;1;10005;28;;;10000.0;529.0
-1;45200;KELP;2019;29;;;;;2021;6;2022;29;;;2020.0;128.58203125
-1;45300;KELP;2018;26;;;;;2021;22;;;;;2019.5;142.63671875
-1;45300;RAINFOREST_RESIN;9995;22;;;;;10005;22;;;;;10000.0;529.0
-1;45400;RAINFOREST_RESIN;9996;2;9995;21;;;9998;1;10004;2;10005;21;9997.0;529.0
-1;45400;KELP;2018;22;;;;;2020;2;2021;23;;;2019.0;151.0625
-1;45500;KELP;2018;25;;;;;2019;3;2021;25;;;2018.5;148.63671875
-1;45500;RAINFOREST_RESIN;9996;1;9995;24;;;10000;3;10004;1;10005;24;9998.0;529.0
-1;45600;RAINFOREST_RESIN;9995;26;;;;;10002;5;10005;26;;;9998.5;529.0
-1;45600;KELP;2018;33;;;;;2021;26;;;;;2019.5;145.8828125
-1;45700;KELP;2018;24;;;;;2021;24;;;;;2019.5;145.5078125
-1;45700;RAINFOREST_RESIN;9995;24;;;;;10005;24;;;;;10000.0;529.0
-1;45800;RAINFOREST_RESIN;9996;1;9995;27;;;10004;1;10005;27;;;10000.0;529.0
-1;45800;KELP;2018;27;;;;;2021;28;;;;;2019.5;143.7109375
-1;45900;KELP;2019;4;2018;31;;;2022;31;;;;;2020.5;136.01953125
-1;45900;RAINFOREST_RESIN;9996;1;9995;30;;;10004;1;10005;30;;;10000.0;529.0
-1;46000;RAINFOREST_RESIN;9996;2;9995;24;;;10004;2;10005;24;;;10000.0;531.0
-1;46000;KELP;2019;2;2018;24;;;2022;26;;;;;2020.5;129.37109375
-1;46100;KELP;2019;25;;;;;2022;25;;;;;2020.5;127.0390625
-1;46100;RAINFOREST_RESIN;9998;6;9996;2;9995;23;10004;2;10005;23;;;10001.0;531.0
-1;46200;RAINFOREST_RESIN;9998;2;9996;1;9995;27;10004;1;10005;27;;;10001.0;531.0
-1;46200;KELP;2018;28;;;;;2021;1;2022;27;;;2019.5;138.93359375
-1;46300;KELP;2018;29;;;;;2021;29;;;;;2019.5;145.69921875
-1;46300;RAINFOREST_RESIN;9996;2;9995;27;;;10004;2;10005;27;;;10000.0;531.0
-1;46400;RAINFOREST_RESIN;9995;22;;;;;10005;22;;;;;10000.0;531.0
-1;46400;KELP;2018;22;;;;;2022;22;;;;;2020.0;139.62109375
-1;46500;KELP;2019;6;2018;31;;;2021;31;;;;;2020.0;141.21875
-1;46500;RAINFOREST_RESIN;10000;6;9996;1;9995;30;10004;1;10005;30;;;10002.0;531.0
-1;46600;KELP;2019;3;2018;28;;;2021;1;2022;27;;;2020.0;138.72265625
-1;46600;RAINFOREST_RESIN;9998;10;9996;1;9995;27;10004;1;10005;27;;;10001.0;531.0
-1;46700;RAINFOREST_RESIN;9995;26;;;;;10005;26;;;;;10000.0;531.0
-1;46700;KELP;2019;26;;;;;2022;26;;;;;2020.5;128.10546875
-1;46800;RAINFOREST_RESIN;9996;1;9995;21;;;10004;1;10005;21;;;10000.0;531.0
-1;46800;KELP;2019;22;;;;;2022;22;;;;;2020.5;121.16015625
-1;46900;KELP;2021;1;2019;32;;;2022;32;;;;;2021.5;127.37109375
-1;46900;RAINFOREST_RESIN;9996;2;9995;30;;;10004;2;10005;30;;;10000.0;531.0
-1;47000;KELP;2019;21;;;;;2022;21;;;;;2020.5;125.94921875
-1;47000;RAINFOREST_RESIN;9996;1;9995;20;;;10004;1;10005;20;;;10000.0;531.0
-1;47100;RAINFOREST_RESIN;9996;2;9995;24;;;9998;1;10004;2;10005;24;9997.0;531.0
-1;47100;KELP;2019;22;;;;;2022;26;;;;;2020.5;128.0703125
-1;47200;RAINFOREST_RESIN;10002;1;9996;2;9995;28;10004;2;10005;28;;;10003.0;531.0
-1;47200;KELP;2019;30;;;;;2022;30;;;;;2020.5;127.265625
-1;47300;KELP;2019;25;;;;;2021;1;2022;25;;;2020.0;124.953125
-1;47300;RAINFOREST_RESIN;10002;1;9998;3;9995;25;10005;25;;;;;10003.5;533.0
-1;47400;KELP;2019;25;;;;;2022;24;;;;;2020.5;119.29296875
-1;47400;RAINFOREST_RESIN;9995;24;;;;;10002;9;10005;24;;;9998.5;535.0
-1;47500;RAINFOREST_RESIN;9995;30;;;;;10002;1;10005;30;;;9998.5;535.0
-1;47500;KELP;2019;30;;;;;2021;6;2022;30;;;2020.0;119.94140625
-1;47600;RAINFOREST_RESIN;9996;1;9995;27;;;10004;1;10005;27;;;10000.0;535.0
-1;47600;KELP;2019;28;;;;;2022;28;;;;;2020.5;114.92578125
-1;47700;KELP;2019;23;;;;;2022;23;;;;;2020.5;113.76953125
-1;47700;RAINFOREST_RESIN;9996;1;9995;22;;;10002;8;10004;1;10005;22;9999.0;535.0
-1;47800;KELP;2019;23;;;;;2022;1;2023;22;;;2020.5;112.2734375
-1;47800;RAINFOREST_RESIN;9996;1;9995;22;;;10002;8;10004;1;10005;22;9999.0;535.0
-1;47900;RAINFOREST_RESIN;10002;1;9995;27;;;10005;27;;;;;10003.5;535.0
-1;47900;KELP;2019;27;;;;;2023;27;;;;;2021.0;111.77734375
-1;48000;RAINFOREST_RESIN;9995;27;;;;;10005;27;;;;;10000.0;537.0
-1;48000;KELP;2019;27;;;;;2023;27;;;;;2021.0;112.32421875
-1;48100;KELP;2019;22;;;;;2022;21;;;;;2020.5;117.5546875
-1;48100;RAINFOREST_RESIN;9995;21;;;;;10002;9;10005;21;;;9998.5;537.0
-1;48200;KELP;2019;25;;;;;2022;25;;;;;2020.5;119.15625
-1;48200;RAINFOREST_RESIN;9998;5;9995;25;;;10005;25;;;;;10001.5;541.0
-1;48300;RAINFOREST_RESIN;9996;1;9995;28;;;9998;1;10000;5;10004;1;9997.0;541.0
-1;48300;KELP;2018;29;;;;;2019;5;2022;29;;;2018.5;138.546875
-1;48400;RAINFOREST_RESIN;9995;27;;;;;10002;7;10005;27;;;9998.5;543.0
-1;48400;KELP;2019;1;2018;27;;;2022;27;;;;;2020.5;134.65625
-1;48500;KELP;2019;1;2018;29;;;2022;29;;;;;2020.5;136.171875
-1;48500;RAINFOREST_RESIN;9995;29;;;;;9998;1;10005;29;;;9996.5;543.0
-1;48600;KELP;2019;1;2018;29;;;2022;29;;;;;2020.5;135.65625
-1;48600;RAINFOREST_RESIN;9996;1;9995;28;;;10004;1;10005;28;;;10000.0;543.0
-1;48700;RAINFOREST_RESIN;9996;1;9995;22;;;10004;1;10005;22;;;10000.0;546.0
-1;48700;KELP;2018;23;;;;;2022;23;;;;;2020.0;137.515625
-1;48800;RAINFOREST_RESIN;9996;1;9995;23;;;10004;1;10005;23;;;10000.0;546.0
-1;48800;KELP;2019;29;;;;;2022;24;;;;;2020.5;128.97265625
-1;48900;KELP;2019;34;;;;;2022;27;;;;;2020.5;125.67578125
-1;48900;RAINFOREST_RESIN;9995;27;;;;;10005;27;;;;;10000.0;546.0
-1;49000;KELP;2019;39;;;;;2022;32;;;;;2020.5;128.3046875
-1;49000;RAINFOREST_RESIN;9996;2;9995;30;;;10004;2;10005;30;;;10000.0;546.0
-1;49100;RAINFOREST_RESIN;9996;2;9995;30;;;10004;2;10005;30;;;10000.0;546.0
-1;49100;KELP;2019;40;;;;;2022;32;;;;;2020.5;120.25
-1;49200;RAINFOREST_RESIN;9996;1;9995;20;;;10004;1;10005;20;;;10000.0;546.0
-1;49200;KELP;2019;21;;;;;2022;21;;;;;2020.5;126.7109375
-1;49300;KELP;2019;21;;;;;2022;22;;;;;2020.5;123.11328125
-1;49300;RAINFOREST_RESIN;9998;9;9996;1;9995;21;10004;1;10005;21;;;10001.0;546.0
-1;49400;KELP;2021;9;2020;5;2019;20;2022;20;;;;;2021.5;127.0546875
-1;49400;RAINFOREST_RESIN;9995;20;;;;;10005;20;;;;;10000.0;546.0
-1;49500;RAINFOREST_RESIN;9996;2;9995;30;;;10004;2;10005;30;;;10000.0;546.0
-1;49500;KELP;2019;40;;;;;2022;32;;;;;2020.5;121.73046875
-1;49600;RAINFOREST_RESIN;9995;24;;;;;10005;24;;;;;10000.0;546.0
-1;49600;KELP;2021;1;2019;24;;;2022;24;;;;;2021.5;116.94921875
-1;49700;KELP;2019;28;;;;;2022;28;;;;;2020.5;118.375
-1;49700;RAINFOREST_RESIN;9998;7;9996;2;9995;26;10004;2;10005;26;;;10001.0;546.0
-1;49800;KELP;2019;25;;;;;2020;5;2023;25;;;2019.5;105.0078125
-1;49800;RAINFOREST_RESIN;9996;2;9995;23;;;10004;2;10005;23;;;10000.0;546.0
-1;49900;RAINFOREST_RESIN;9998;3;9995;23;;;10005;23;;;;;10001.5;546.0
-1;49900;KELP;2019;23;;;;;2023;23;;;;;2021.0;108.2265625
-1;50000;RAINFOREST_RESIN;9996;1;9995;20;;;10004;1;10005;20;;;10000.0;548.0
-1;50000;KELP;2019;21;;;;;2022;1;2023;20;;;2020.5;113.62109375
-1;50100;KELP;2019;24;;;;;2021;2;2022;24;;;2020.0;117.6171875
-1;50100;RAINFOREST_RESIN;9995;24;;;;;10005;24;;;;;10000.0;548.0
-1;50200;KELP;2019;24;;;;;2023;24;;;;;2021.0;108.22265625
-1;50200;RAINFOREST_RESIN;9995;24;;;;;10005;24;;;;;10000.0;548.0
-1;50300;RAINFOREST_RESIN;9995;30;;;;;10002;10;10005;30;;;9998.5;548.0
-1;50300;KELP;2019;30;;;;;2023;30;;;;;2021.0;105.34375
-1;50400;RAINFOREST_RESIN;9998;4;9996;1;9995;22;10000;2;10004;1;10005;22;9999.0;548.0
-1;50400;KELP;2019;23;;;;;2021;3;2023;23;;;2020.0;105.9296875
-1;50500;KELP;2019;25;;;;;2023;25;;;;;2021.0;106.9921875
-1;50500;RAINFOREST_RESIN;9996;2;9995;23;;;10004;2;10005;23;;;10000.0;548.0
-1;50600;KELP;2019;21;;;;;2020;6;2023;23;;;2019.5;104.5859375
-1;50600;RAINFOREST_RESIN;10002;1;9996;2;9995;21;10004;2;10005;21;;;10003.0;548.0
-1;50700;RAINFOREST_RESIN;9996;2;9995;22;;;10004;2;10005;22;;;10000.0;552.0
-1;50700;KELP;2020;24;;;;;2023;24;;;;;2021.5;102.31640625
-1;50800;RAINFOREST_RESIN;10002;5;9996;2;9995;22;10004;2;10005;22;;;10003.0;552.0
-1;50800;KELP;2022;1;2020;24;;;2023;24;;;;;2022.5;97.9765625
-1;50900;KELP;2020;28;;;;;2022;4;2023;28;;;2021.0;96.6015625
-1;50900;RAINFOREST_RESIN;9996;1;9995;27;;;10004;1;10005;27;;;10000.0;562.0
-1;51000;KELP;2020;28;;;;;2023;28;;;;;2021.5;99.46484375
-1;51000;RAINFOREST_RESIN;9996;2;9995;26;;;10004;2;10005;26;;;10000.0;562.0
-1;51100;RAINFOREST_RESIN;9998;6;9996;1;9995;25;10004;1;10005;25;;;10001.0;562.0
-1;51100;KELP;2020;26;;;;;2023;26;;;;;2021.5;93.3359375
-1;51200;RAINFOREST_RESIN;9996;2;9995;28;;;10004;2;10005;28;;;10000.0;562.0
-1;51200;KELP;2020;30;;;;;2023;30;;;;;2021.5;97.26953125
-1;51300;KELP;2020;25;;;;;2023;25;;;;;2021.5;86.1015625
-1;51300;RAINFOREST_RESIN;9996;1;9995;24;;;10004;1;10005;24;;;10000.0;562.0
-1;51400;KELP;2020;30;;;;;2023;30;;;;;2021.5;92.55078125
-1;51400;RAINFOREST_RESIN;9995;30;;;;;10002;3;10005;30;;;9998.5;562.0
-1;51500;RAINFOREST_RESIN;9995;30;;;;;10005;30;;;;;10000.0;562.0
-1;51500;KELP;2022;1;2020;30;;;2023;30;;;;;2022.5;93.2890625
-1;51600;RAINFOREST_RESIN;10000;5;9996;2;9995;22;10002;1;10004;2;10005;22;10001.0;562.0
-1;51600;KELP;2021;5;2020;24;;;2023;24;;;;;2022.0;91.71484375
-1;51700;KELP;2020;16;;;;;2023;20;;;;;2021.5;96.6015625
-1;51700;RAINFOREST_RESIN;9995;20;;;;;10005;20;;;;;10000.0;564.0
-1;51800;KELP;2020;1;2019;24;;;2023;25;;;;;2021.5;103.44140625
-1;51800;RAINFOREST_RESIN;9996;1;9995;24;;;10004;1;10005;24;;;10000.0;578.0
-1;51900;RAINFOREST_RESIN;9996;1;9995;23;;;10004;1;10005;23;;;10000.0;578.0
-1;51900;KELP;2021;4;2019;24;;;2023;24;;;;;2022.0;109.61328125
-1;52000;RAINFOREST_RESIN;9998;3;9995;29;;;10005;29;;;;;10001.5;588.0
-1;52000;KELP;2019;29;;;;;2021;6;2023;29;;;2020.0;106.0703125
-1;52100;KELP;2019;21;;;;;2023;21;;;;;2021.0;105.421875
-1;52100;RAINFOREST_RESIN;9995;21;;;;;10005;21;;;;;10000.0;588.0
-1;52200;KELP;2019;31;;;;;2023;31;;;;;2021.0;110.91015625
-1;52200;RAINFOREST_RESIN;9996;2;9995;29;;;10004;2;10005;29;;;10000.0;604.0
-1;52300;RAINFOREST_RESIN;10002;1;9996;1;9995;27;10004;1;10005;27;;;10003.0;604.0
-1;52300;KELP;2022;1;2019;28;;;2023;28;;;;;2022.5;107.734375
-1;52400;RAINFOREST_RESIN;9998;3;9996;1;9995;29;10004;1;10005;29;;;10001.0;606.0
-1;52400;KELP;2020;30;;;;;2023;30;;;;;2021.5;93.7265625
-1;52500;KELP;2022;1;2020;28;;;2023;28;;;;;2022.5;95.48046875
-1;52500;RAINFOREST_RESIN;9996;1;9995;27;;;9998;1;10004;1;10005;27;9997.0;606.0
-1;52600;RAINFOREST_RESIN;9998;1;9996;1;9995;22;10000;4;10004;1;10005;22;9999.0;608.0
-1;52600;KELP;2020;1;2019;22;;;2021;4;2023;23;;;2020.5;106.37890625
-1;52700;KELP;2019;26;;;;;2023;27;;;;;2021.0;111.30078125
-1;52700;RAINFOREST_RESIN;9996;2;9995;25;;;10004;2;10005;25;;;10000.0;608.0
-1;52800;RAINFOREST_RESIN;9995;26;;;;;10005;26;;;;;10000.0;608.0
-1;52800;KELP;2019;26;;;;;2023;26;;;;;2021.0;103.4453125
-1;52900;KELP;2020;30;;;;;2023;30;;;;;2021.5;102.40234375
-1;52900;RAINFOREST_RESIN;9995;30;;;;;10005;30;;;;;10000.0;608.0
-1;53000;RAINFOREST_RESIN;10002;1;9996;1;9995;20;10004;1;10005;20;;;10003.0;620.0
-1;53000;KELP;2020;21;;;;;2023;21;;;;;2021.5;97.26953125
-1;53100;KELP;2019;24;;;;;2023;24;;;;;2021.0;108.484375
-1;53100;RAINFOREST_RESIN;9995;24;;;;;10005;24;;;;;10000.0;622.0
-1;53200;RAINFOREST_RESIN;9996;1;9995;30;;;10004;1;10005;30;;;10000.0;622.0
-1;53200;KELP;2022;1;2019;31;;;2023;31;;;;;2022.5;107.06640625
-1;53300;KELP;2020;29;;;;;2023;29;;;;;2021.5;102.12109375
-1;53300;RAINFOREST_RESIN;9995;29;;;;;10005;29;;;;;10000.0;622.0
-1;53400;RAINFOREST_RESIN;9998;6;9996;2;9995;23;10004;2;10005;23;;;10001.0;622.0
-1;53400;KELP;2020;25;;;;;2023;25;;;;;2021.5;94.98828125
-1;53500;KELP;2020;23;;;;;2023;23;;;;;2021.5;98.73828125
-1;53500;RAINFOREST_RESIN;9996;2;9995;21;;;10002;1;10004;2;10005;21;9999.0;622.0
-1;53600;RAINFOREST_RESIN;9995;24;;;;;9998;9;10005;24;;;9996.5;622.0
-1;53600;KELP;2020;24;;;;;2023;24;;;;;2021.5;102.54296875
-1;53700;KELP;2019;30;;;;;2023;30;;;;;2021.0;106.26953125
-1;53700;RAINFOREST_RESIN;9998;1;9995;30;;;10005;30;;;;;10001.5;640.0
-1;53800;RAINFOREST_RESIN;10002;3;9995;30;;;10005;30;;;;;10003.5;640.0
-1;53800;KELP;2019;30;;;;;2023;30;;;;;2021.0;106.93359375
-1;53900;KELP;2019;27;;;;;2023;27;;;;;2021.0;108.86328125
-1;53900;RAINFOREST_RESIN;9996;2;9995;25;;;10004;2;10005;25;;;10000.0;646.0
-1;54000;RAINFOREST_RESIN;9998;6;9996;1;9995;30;10004;1;10005;30;;;10001.0;650.0
-1;54000;KELP;2020;31;;;;;2022;1;2023;31;;;2021.0;97.43359375
-1;54100;KELP;2020;24;;;;;2022;2;2023;24;;;2021.0;98.70703125
-1;54100;RAINFOREST_RESIN;9998;2;9996;2;9995;22;10004;2;10005;22;;;10001.0;650.0
-1;54200;RAINFOREST_RESIN;9995;28;;;;;10005;28;;;;;10000.0;650.0
-1;54200;KELP;2020;28;;;;;2023;28;;;;;2021.5;99.6015625
-1;54300;KELP;2022;1;2019;25;;;2023;25;;;;;2022.5;110.2578125
-1;54300;RAINFOREST_RESIN;9996;2;9995;23;;;10004;2;10005;23;;;10000.0;650.0
-1;54400;RAINFOREST_RESIN;9995;29;;;;;10005;29;;;;;10000.0;658.0
-1;54400;KELP;2019;29;;;;;2022;29;;;;;2020.5;117.67578125
-1;54500;KELP;2019;21;;;;;2022;21;;;;;2020.5;120.75390625
-1;54500;RAINFOREST_RESIN;9996;1;9995;20;;;10004;1;10005;20;;;10000.0;658.0
-1;54600;RAINFOREST_RESIN;10002;3;9995;27;;;10005;27;;;;;10003.5;658.0
-1;54600;KELP;2019;27;;;;;2023;27;;;;;2021.0;116.59375
-1;54700;KELP;2019;29;;;;;2020;4;2022;29;;;2019.5;117.8125
-1;54700;RAINFOREST_RESIN;9996;2;9995;27;;;10004;2;10005;27;;;10000.0;664.0
-1;54800;RAINFOREST_RESIN;9998;8;9995;27;;;10005;27;;;;;10001.5;664.0
-1;54800;KELP;2019;27;;;;;2021;1;2022;27;;;2020.0;118.89453125
-1;54900;KELP;2019;29;;;;;2022;29;;;;;2020.5;120.5625
-1;54900;RAINFOREST_RESIN;9996;1;9995;28;;;10002;3;10004;1;10005;28;9999.0;664.0
-1;55000;RAINFOREST_RESIN;9996;2;9995;28;;;10002;8;10004;2;10005;28;9999.0;664.0
-1;55000;KELP;2019;36;;;;;2022;30;;;;;2020.5;127.703125
-1;55100;KELP;2019;37;;;;;2022;29;;;;;2020.5;132.6015625
-1;55100;RAINFOREST_RESIN;9995;29;;;;;10005;29;;;;;10000.0;664.0
-1;55200;RAINFOREST_RESIN;9996;2;9995;21;;;10004;2;10005;21;;;10000.0;668.0
-1;55200;KELP;2018;21;;;;;2019;3;2020;8;2022;23;2018.5;136.86328125
-1;55300;RAINFOREST_RESIN;9996;2;9995;27;;;9998;1;10002;2;10004;2;9997.0;668.0
-1;55300;KELP;2018;29;;;;;2022;29;;;;;2020.0;139.80078125
-1;55400;RAINFOREST_RESIN;9998;3;9996;1;9995;21;10004;1;10005;21;;;10001.0;670.0
-1;55400;KELP;2019;2;2018;22;;;2022;22;;;;;2020.5;138.82421875
-1;55500;KELP;2021;1;2019;4;2018;25;2022;25;;;;;2021.5;136.4375
-1;55500;RAINFOREST_RESIN;9995;25;;;;;10002;9;10005;25;;;9998.5;670.0
-1;55600;KELP;2019;3;2018;26;;;2022;26;;;;;2020.5;138.02734375
-1;55600;RAINFOREST_RESIN;9995;26;;;;;10005;26;;;;;10000.0;670.0
-1;55700;RAINFOREST_RESIN;9996;2;9995;21;;;10004;2;10005;21;;;10000.0;670.0
-1;55700;KELP;2019;25;;;;;2022;23;;;;;2020.5;135.14453125
-1;55800;RAINFOREST_RESIN;9998;6;9996;1;9995;26;10004;1;10005;26;;;10001.0;672.0
-1;55800;KELP;2018;27;;;;;2022;27;;;;;2020.0;138.71484375
-1;55900;KELP;2018;22;;;;;2022;22;;;;;2020.0;144.6953125
-1;55900;RAINFOREST_RESIN;9995;22;;;;;10005;22;;;;;10000.0;672.0
-1;56000;KELP;2018;24;;;;;2019;3;2021;2;2022;22;2018.5;147.5703125
-1;56000;RAINFOREST_RESIN;9996;2;9995;22;;;10002;10;10004;2;10005;22;9999.0;672.0
-1;56100;RAINFOREST_RESIN;9996;2;9995;20;;;10004;2;10005;20;;;10000.0;672.0
-1;56100;KELP;2019;22;;;;;2022;22;;;;;2020.5;131.42578125
-1;56200;RAINFOREST_RESIN;9996;1;9995;29;;;10004;1;10005;29;;;10000.0;672.0
-1;56200;KELP;2020;2;2018;30;;;2022;30;;;;;2021.0;138.73828125
-1;56300;KELP;2019;6;2018;27;;;2022;27;;;;;2020.5;139.578125
-1;56300;RAINFOREST_RESIN;10002;1;9996;2;9995;25;10004;2;10005;25;;;10003.0;672.0
-1;56400;KELP;2018;31;;;;;2022;31;;;;;2020.0;140.90234375
-1;56400;RAINFOREST_RESIN;9996;1;9995;30;;;10004;1;10005;30;;;10000.0;674.0
-1;56500;RAINFOREST_RESIN;9996;2;9995;27;;;10004;2;10005;27;;;10000.0;674.0
-1;56500;KELP;2018;29;;;;;2022;29;;;;;2020.0;141.828125
-1;56600;RAINFOREST_RESIN;9996;2;9995;29;;;10002;4;10004;2;10005;29;9999.0;674.0
-1;56600;KELP;2019;2;2018;29;;;2022;31;;;;;2020.5;137.03515625
-1;56700;KELP;2020;6;2018;26;;;2022;26;;;;;2021.0;143.453125
-1;56700;RAINFOREST_RESIN;9998;3;9996;2;9995;24;10000;2;10004;2;10005;24;9999.0;674.0
-1;56800;KELP;2018;24;;;;;2021;2;2022;22;;;2019.5;146.8046875
-1;56800;RAINFOREST_RESIN;10002;1;9998;10;9996;2;10004;2;10005;22;;;10003.0;674.0
-1;56900;RAINFOREST_RESIN;9996;2;9995;20;;;10004;2;10005;20;;;10000.0;676.0
-1;56900;KELP;2018;24;;;;;2021;22;;;;;2019.5;154.4375
-1;57000;RAINFOREST_RESIN;9996;1;9995;27;;;10004;1;10005;27;;;10000.0;676.0
-1;57000;KELP;2018;28;;;;;2020;8;2021;28;;;2019.0;165.07421875
-1;57100;KELP;2017;27;;;;;2020;27;;;;;2018.5;182.03125
-1;57100;RAINFOREST_RESIN;9996;2;9995;25;;;10004;2;10005;25;;;10000.0;676.0
-1;57200;KELP;2019;1;2017;27;;;2020;27;;;;;2019.5;187.03515625
-1;57200;RAINFOREST_RESIN;10002;2;9996;1;9995;26;10004;1;10005;26;;;10003.0;676.0
-1;57300;RAINFOREST_RESIN;9996;1;9995;26;;;10002;9;10004;1;10005;26;9999.0;680.0
-1;57300;KELP;2017;27;;;;;2020;27;;;;;2018.5;183.76953125
-1;57400;RAINFOREST_RESIN;9995;24;;;;;10005;24;;;;;10000.0;680.0
-1;57400;KELP;2017;24;;;;;2019;2;2020;24;;;2018.0;186.77734375
-1;57500;KELP;2019;5;2017;30;;;2020;25;;;;;2019.5;186.25390625
-1;57500;RAINFOREST_RESIN;9998;5;9996;2;9995;23;10004;2;10005;23;;;10001.0;680.0
-1;57600;KELP;2017;24;;;;;2020;24;;;;;2018.5;183.8203125
-1;57600;RAINFOREST_RESIN;9995;24;;;;;10005;24;;;;;10000.0;680.0
-1;57700;RAINFOREST_RESIN;9995;29;;;;;10005;29;;;;;10000.0;680.0
-1;57700;KELP;2017;29;;;;;2020;29;;;;;2018.5;184.328125
-1;57800;RAINFOREST_RESIN;9998;1;9996;2;9995;29;10004;2;10005;29;;;10001.0;680.0
-1;57800;KELP;2017;31;;;;;2020;2;2021;29;;;2018.5;177.734375
-1;57900;KELP;2017;27;;;;;2018;6;2019;5;2020;2;2017.5;180.02734375
-1;57900;RAINFOREST_RESIN;9996;2;9995;25;;;9998;1;10000;6;10004;2;9997.0;680.0
-1;58000;KELP;2017;29;;;;;2020;1;2021;24;;;2018.5;180.46875
-1;58000;RAINFOREST_RESIN;9996;1;9995;24;;;9998;4;10004;1;10005;24;9997.0;682.0
-1;58100;RAINFOREST_RESIN;9995;23;;;;;10005;23;;;;;10000.0;690.0
-1;58100;KELP;2017;23;;;;;2020;23;;;;;2018.5;190.3125
-1;58200;RAINFOREST_RESIN;9996;1;9995;30;;;10004;1;10005;30;;;10000.0;696.0
-1;58200;KELP;2017;31;;;;;2020;31;;;;;2018.5;188.3125
-1;58300;KELP;2017;29;;;;;2020;29;;;;;2018.5;189.859375
-1;58300;RAINFOREST_RESIN;9995;29;;;;;10005;29;;;;;10000.0;696.0
-1;58400;KELP;2016;23;;;;;2018;1;2019;23;;;2017.0;224.921875
-1;58400;RAINFOREST_RESIN;9996;2;9995;21;;;10004;2;10005;21;;;10000.0;696.0
-1;58500;RAINFOREST_RESIN;9995;21;;;;;10002;1;10005;21;;;9998.5;696.0
-1;58500;KELP;2016;21;;;;;2019;21;;;;;2017.5;230.453125
-1;58600;RAINFOREST_RESIN;10002;1;9995;25;;;10005;25;;;;;10003.5;696.0
-1;58600;KELP;2015;25;;;;;2017;7;2019;25;;;2016.0;238.6640625
-1;58700;KELP;2015;34;;;;;2018;32;;;;;2016.5;247.2578125
-1;58700;RAINFOREST_RESIN;9996;2;9995;30;;;10004;2;10005;30;;;10000.0;698.0
-1;58800;KELP;2015;29;;;;;2019;29;;;;;2017.0;239.625
-1;58800;RAINFOREST_RESIN;9995;29;;;;;10002;1;10005;29;;;9998.5;698.0
-1;58900;RAINFOREST_RESIN;9996;1;9995;24;;;10004;1;10005;24;;;10000.0;725.0
-1;58900;KELP;2015;25;;;;;2019;25;;;;;2017.0;234.9765625
-1;59000;RAINFOREST_RESIN;9996;2;9995;20;;;10004;2;10005;20;;;10000.0;725.0
-1;59000;KELP;2016;22;;;;;2019;22;;;;;2017.5;225.9375
-1;59100;KELP;2016;34;;;;;2019;27;;;;;2017.5;218.5390625
-1;59100;RAINFOREST_RESIN;9995;27;;;;;10005;27;;;;;10000.0;725.0
-1;59200;KELP;2016;31;;;;;2020;31;;;;;2018.0;203.69140625
-1;59200;RAINFOREST_RESIN;9998;4;9996;2;9995;29;10004;2;10005;29;;;10001.0;726.0
-1;59300;RAINFOREST_RESIN;9996;1;9995;26;;;10004;1;10005;26;;;10000.0;726.0
-1;59300;KELP;2016;26;;;;;2018;2;2019;27;;;2017.0;217.4609375
-1;59400;RAINFOREST_RESIN;9996;1;9995;21;;;10004;1;10005;21;;;10000.0;726.0
-1;59400;KELP;2015;22;;;;;2019;22;;;;;2017.0;235.31640625
-1;59500;KELP;2015;23;;;;;2019;23;;;;;2017.0;232.34375
-1;59500;RAINFOREST_RESIN;10002;5;9995;23;;;10005;23;;;;;10003.5;726.0
-1;59600;KELP;2016;29;;;;;2019;29;;;;;2017.5;228.61328125
-1;59600;RAINFOREST_RESIN;9996;2;9995;27;;;10004;2;10005;27;;;10000.0;736.0
-1;59700;RAINFOREST_RESIN;9995;21;;;;;10005;21;;;;;10000.0;736.0
-1;59700;KELP;2015;21;;;;;2018;21;;;;;2016.5;255.39453125
-1;59800;RAINFOREST_RESIN;9996;1;9995;24;;;10004;1;10005;24;;;10000.0;736.0
-1;59800;KELP;2015;25;;;;;2018;25;;;;;2016.5;251.6953125
-1;59900;KELP;2015;24;;;;;2018;24;;;;;2016.5;255.64453125
-1;59900;RAINFOREST_RESIN;9996;1;9995;23;;;10002;6;10004;1;10005;23;9999.0;736.0
-1;60000;KELP;2015;22;;;;;2018;22;;;;;2016.5;252.40625
-1;60000;RAINFOREST_RESIN;9998;3;9995;22;;;10005;22;;;;;10001.5;736.0
-1;60100;RAINFOREST_RESIN;9996;2;9995;25;;;10004;2;10005;25;;;10000.0;738.0
-1;60100;KELP;2015;27;;;;;2018;27;;;;;2016.5;254.9375
-1;60200;RAINFOREST_RESIN;9995;25;;;;;10005;25;;;;;10000.0;738.0
-1;60200;KELP;2016;3;2015;25;;;2018;25;;;;;2017.0;262.25390625
-1;60300;KELP;2015;28;;;;;2018;28;;;;;2016.5;263.17578125
-1;60300;RAINFOREST_RESIN;9996;1;9995;27;;;10004;1;10005;27;;;10000.0;754.0
-1;60400;KELP;2015;1;2014;20;;;2018;21;;;;;2016.5;266.1640625
-1;60400;RAINFOREST_RESIN;9996;1;9995;20;;;9998;1;10004;1;10005;20;9997.0;754.0
-1;60500;RAINFOREST_RESIN;9996;1;9995;23;;;10004;1;10005;23;;;10000.0;756.0
-1;60500;KELP;2015;24;;;;;2018;24;;;;;2016.5;249.3828125
-1;60600;RAINFOREST_RESIN;9996;2;9995;22;;;10004;2;10005;22;;;10000.0;756.0
-1;60600;KELP;2015;26;;;;;2018;24;;;;;2016.5;250.30078125
-1;60700;KELP;2015;22;;;;;2017;5;2018;22;;;2016.0;250.55078125
-1;60700;RAINFOREST_RESIN;9995;22;;;;;10005;22;;;;;10000.0;756.0
-1;60800;KELP;2015;31;;;;;2018;32;;;;;2016.5;250.11328125
-1;60800;RAINFOREST_RESIN;10002;10;9996;2;9995;30;10004;2;10005;30;;;10003.0;756.0
-1;60900;RAINFOREST_RESIN;9996;2;9995;29;;;10004;2;10005;29;;;10000.0;772.0
-1;60900;KELP;2015;28;;;;;2017;4;2018;31;;;2016.0;257.671875
-1;61000;RAINFOREST_RESIN;9995;28;;;;;10005;28;;;;;10000.0;772.0
-1;61000;KELP;2015;28;;;;;2018;28;;;;;2016.5;253.49609375
-1;61100;KELP;2015;29;;;;;2017;3;2018;29;;;2016.0;262.765625
-1;61100;RAINFOREST_RESIN;9995;29;;;;;10005;29;;;;;10000.0;772.0
-1;61200;KELP;2015;22;;;;;2016;2;2018;22;;;2015.5;254.89453125
-1;61200;RAINFOREST_RESIN;9998;9;9996;1;9995;21;10000;2;10004;1;10005;21;9999.0;772.0
-1;61300;RAINFOREST_RESIN;9996;1;9995;22;;;10004;1;10005;22;;;10000.0;772.0
-1;61300;KELP;2015;23;;;;;2018;23;;;;;2016.5;246.40234375
-1;61400;RAINFOREST_RESIN;9996;1;9995;30;;;10004;1;10005;30;;;10000.0;772.0
-1;61400;KELP;2015;31;;;;;2018;1;2019;30;;;2016.5;243.23046875
-1;61500;KELP;2015;29;;;;;2018;29;;;;;2016.5;255.6328125
-1;61500;RAINFOREST_RESIN;9996;2;9995;27;;;10004;2;10005;27;;;10000.0;772.0
-1;61600;RAINFOREST_RESIN;9996;2;9995;28;;;10004;2;10005;28;;;10000.0;772.0
-1;61600;KELP;2015;30;;;;;2017;5;2018;30;;;2016.0;262.43359375
-1;61700;KELP;2014;26;;;;;2016;7;2017;27;;;2015.0;285.14453125
-1;61700;RAINFOREST_RESIN;9996;1;9995;26;;;10004;1;10005;26;;;10000.0;772.0
-1;61800;RAINFOREST_RESIN;9995;20;;;;;10005;20;;;;;10000.0;772.0
-1;61800;KELP;2015;20;;;;;2018;20;;;;;2016.5;261.08203125
-1;61900;KELP;2014;26;;;;;2017;26;;;;;2015.5;282.5703125
-1;61900;RAINFOREST_RESIN;9995;26;;;;;9998;1;10005;26;;;9996.5;772.0
-1;62000;RAINFOREST_RESIN;9995;20;;;;;10005;20;;;;;10000.0;772.0
-1;62000;KELP;2016;1;2014;20;;;2017;20;;;;;2016.5;280.77734375
-1;62100;KELP;2014;25;;;;;2017;25;;;;;2015.5;278.78515625
-1;62100;RAINFOREST_RESIN;9996;2;9995;23;;;10004;2;10005;23;;;10000.0;772.0
-1;62200;RAINFOREST_RESIN;9995;25;;;;;10002;3;10005;25;;;9998.5;772.0
-1;62200;KELP;2014;25;;;;;2017;25;;;;;2015.5;283.12109375
-1;62300;KELP;2014;22;;;;;2017;22;;;;;2015.5;279.80859375
-1;62300;RAINFOREST_RESIN;9995;22;;;;;10005;22;;;;;10000.0;772.0
-1;62400;RAINFOREST_RESIN;9996;2;9995;23;;;10004;2;10005;23;;;10000.0;774.0
-1;62400;KELP;2014;25;;;;;2016;8;2018;25;;;2015.0;266.70703125
-1;62500;KELP;2015;3;2014;23;;;2018;24;;;;;2016.5;265.8515625
-1;62500;RAINFOREST_RESIN;9996;1;9995;23;;;10004;1;10005;23;;;10000.0;774.0
-1;62600;RAINFOREST_RESIN;9995;29;;;;;10005;29;;;;;10000.0;774.0
-1;62600;KELP;2015;29;;;;;2018;29;;;;;2016.5;251.30078125
-1;62700;KELP;2015;26;;;;;2018;26;;;;;2016.5;252.57421875
-1;62700;RAINFOREST_RESIN;9996;2;9995;24;;;10004;2;10005;24;;;10000.0;774.0
-1;62800;RAINFOREST_RESIN;9995;26;;;;;10005;26;;;;;10000.0;774.0
-1;62800;KELP;2015;25;;;;;2017;1;2019;26;;;2016.0;240.91015625
-1;62900;KELP;2016;29;;;;;2018;1;2019;29;;;2017.0;223.921875
-1;62900;RAINFOREST_RESIN;9996;2;9995;27;;;9998;4;10004;2;10005;27;9997.0;774.0
-1;63000;RAINFOREST_RESIN;9995;29;;;;;10005;29;;;;;10000.0;774.0
-1;63000;KELP;2016;29;;;;;2018;4;2019;29;;;2017.0;222.1640625
-1;63100;KELP;2016;25;;;;;2020;26;;;;;2018.0;207.546875
-1;63100;RAINFOREST_RESIN;9996;2;9995;24;;;10004;2;10005;24;;;10000.0;774.0
-1;63200;RAINFOREST_RESIN;9995;28;;;;;10005;28;;;;;10000.0;774.0
-1;63200;KELP;2016;28;;;;;2020;28;;;;;2018.0;206.4140625
-1;63300;KELP;2016;32;;;;;2019;2;2020;30;;;2017.5;210.328125
-1;63300;RAINFOREST_RESIN;9996;2;9995;30;;;10004;2;10005;30;;;10000.0;774.0
-1;63400;RAINFOREST_RESIN;9996;2;9995;24;;;10004;2;10005;24;;;10000.0;774.0
-1;63400;KELP;2018;3;2016;26;;;2020;26;;;;;2019.0;208.3828125
-1;63500;KELP;2016;22;;;;;2019;20;;;;;2017.5;213.9453125
-1;63500;RAINFOREST_RESIN;9998;8;9995;20;;;10005;20;;;;;10001.5;774.0
-1;63600;RAINFOREST_RESIN;9995;21;;;;;10005;21;;;;;10000.0;774.0
-1;63600;KELP;2018;1;2016;21;;;2019;21;;;;;2018.5;217.125
-1;63700;KELP;2017;8;2016;30;;;2019;2;2020;28;;;2018.0;210.90625
-1;63700;RAINFOREST_RESIN;9996;2;9995;28;;;10002;6;10004;2;10005;28;9999.0;774.0
-1;63800;RAINFOREST_RESIN;9996;1;9995;21;;;10004;1;10005;21;;;10000.0;774.0
-1;63800;KELP;2016;21;;;;;2018;7;2020;22;;;2017.0;207.109375
-1;63900;KELP;2016;21;;;;;2018;6;2020;21;;;2017.0;212.5703125
-1;63900;RAINFOREST_RESIN;9995;21;;;;;10005;21;;;;;10000.0;774.0
-1;64000;RAINFOREST_RESIN;9998;6;9995;30;;;10005;30;;;;;10001.5;801.0
-1;64000;KELP;2016;30;;;;;2019;30;;;;;2017.5;216.0703125
-1;64100;KELP;2016;27;;;;;2019;27;;;;;2017.5;216.046875
-1;64100;RAINFOREST_RESIN;9995;27;;;;;10002;6;10005;27;;;9998.5;801.0
-1;64200;KELP;2015;25;;;;;2018;25;;;;;2016.5;252.4375
-1;64200;RAINFOREST_RESIN;9996;1;9995;24;;;10004;1;10005;24;;;10000.0;801.0
-1;64300;RAINFOREST_RESIN;9998;7;9996;1;9995;22;10004;1;10005;22;;;10001.0;810.0
-1;64300;KELP;2015;23;;;;;2018;23;;;;;2016.5;261.578125
-1;64400;RAINFOREST_RESIN;9998;8;9996;2;9995;27;10004;2;10005;27;;;10001.0;810.0
-1;64400;KELP;2015;31;;;;;2018;29;;;;;2016.5;259.2421875
-1;64500;KELP;2015;29;;;;;2017;6;2018;29;;;2016.0;255.8515625
-1;64500;RAINFOREST_RESIN;9998;5;9996;2;9995;27;10004;2;10005;27;;;10001.0;810.0
-1;64600;KELP;2015;26;;;;;2018;26;;;;;2016.5;259.5546875
-1;64600;RAINFOREST_RESIN;9995;26;;;;;10005;26;;;;;10000.0;810.0
-1;64700;RAINFOREST_RESIN;9995;28;;;;;10005;28;;;;;10000.0;810.0
-1;64700;KELP;2015;28;;;;;2018;28;;;;;2016.5;270.25
-1;64800;RAINFOREST_RESIN;9996;2;9995;30;;;10004;2;10005;30;;;10000.0;810.0
-1;64800;KELP;2015;2;2014;30;;;2018;32;;;;;2016.5;271.03125
-1;64900;KELP;2015;31;;;;;2017;3;2018;31;;;2016.0;270.2578125
-1;64900;RAINFOREST_RESIN;9996;2;9995;29;;;10004;2;10005;29;;;10000.0;810.0
-1;65000;KELP;2015;25;;;;;2018;25;;;;;2016.5;258.5703125
-1;65000;RAINFOREST_RESIN;9995;25;;;;;9998;1;10005;25;;;9996.5;810.0
-1;65100;RAINFOREST_RESIN;9996;2;9995;23;;;10004;2;10005;23;;;10000.0;812.0
-1;65100;KELP;2015;25;;;;;2018;25;;;;;2016.5;262.515625
-1;65200;RAINFOREST_RESIN;9998;8;9995;29;;;10005;29;;;;;10001.5;818.0
-1;65200;KELP;2017;1;2015;29;;;2019;29;;;;;2018.0;243.4609375
-1;65300;KELP;2015;21;;;;;2017;2;2018;21;;;2016.0;255.8515625
-1;65300;RAINFOREST_RESIN;9995;21;;;;;10002;3;10005;21;;;9998.5;818.0
-1;65400;KELP;2015;28;;;;;2016;3;2018;28;;;2015.5;252.2265625
-1;65400;RAINFOREST_RESIN;9996;2;9995;26;;;10000;3;10004;2;10005;26;9998.0;818.0
-1;65500;RAINFOREST_RESIN;9996;2;9995;27;;;10004;2;10005;27;;;10000.0;818.0
-1;65500;KELP;2015;36;;;;;2018;29;;;;;2016.5;259.65625
-1;65600;RAINFOREST_RESIN;9998;5;9995;20;;;10005;20;;;;;10001.5;818.0
-1;65600;KELP;2015;20;;;;;2019;20;;;;;2017.0;248.078125
-1;65700;KELP;2014;29;;;;;2018;29;;;;;2016.0;272.3828125
-1;65700;RAINFOREST_RESIN;9995;29;;;;;10005;29;;;;;10000.0;818.0
-1;65800;KELP;2015;20;;;;;2017;7;2018;20;;;2016.0;269.03125
-1;65800;RAINFOREST_RESIN;9998;9;9995;20;;;10005;20;;;;;10001.5;818.0
-1;65900;RAINFOREST_RESIN;9996;1;9995;23;;;10004;1;10005;23;;;10000.0;818.0
-1;65900;KELP;2015;29;;;;;2018;24;;;;;2016.5;261.9609375
-1;66000;RAINFOREST_RESIN;9998;4;9996;2;9995;22;10004;2;10005;22;;;10001.0;818.0
-1;66000;KELP;2015;24;;;;;2018;24;;;;;2016.5;261.1875
-1;66100;KELP;2015;27;;;;;2018;27;;;;;2016.5;257.1953125
-1;66100;RAINFOREST_RESIN;9996;1;9995;26;;;9998;1;10004;1;10005;26;9997.0;818.0
-1;66200;KELP;2016;5;2015;20;;;2019;20;;;;;2017.5;242.4765625
-1;66200;RAINFOREST_RESIN;10002;1;10000;5;9995;20;10005;20;;;;;10003.5;818.0
-1;66300;RAINFOREST_RESIN;9996;1;9995;24;;;10004;1;10005;24;;;10000.0;820.0
-1;66300;KELP;2018;1;2016;2;2015;25;2019;25;;;;;2018.5;239.1953125
-1;66400;RAINFOREST_RESIN;9995;21;;;;;9998;3;10005;21;;;9996.5;820.0
-1;66400;KELP;2015;21;;;;;2019;21;;;;;2017.0;236.8046875
-1;66500;KELP;2015;22;;;;;2019;22;;;;;2017.0;239.0546875
-1;66500;RAINFOREST_RESIN;9996;2;9995;20;;;10004;2;10005;20;;;10000.0;820.0
-1;66600;KELP;2015;22;;;;;2017;3;2019;22;;;2016.0;247.6484375
-1;66600;RAINFOREST_RESIN;9995;22;;;;;10005;22;;;;;10000.0;820.0
-1;66700;RAINFOREST_RESIN;9998;9;9995;27;;;10005;27;;;;;10001.5;820.0
-1;66700;KELP;2014;27;;;;;2018;27;;;;;2016.0;280.4921875
-1;66800;RAINFOREST_RESIN;9995;30;;;;;10005;30;;;;;10000.0;820.0
-1;66800;KELP;2014;30;;;;;2018;30;;;;;2016.0;276.84375
-1;66900;KELP;2017;1;2015;4;2014;23;2018;23;;;;;2017.5;274.9765625
-1;66900;RAINFOREST_RESIN;9998;4;9995;23;;;10005;23;;;;;10001.5;820.0
-1;67000;KELP;2015;25;;;;;2018;25;;;;;2016.5;268.5625
-1;67000;RAINFOREST_RESIN;9996;1;9995;24;;;10004;1;10005;24;;;10000.0;820.0
-1;67100;RAINFOREST_RESIN;9995;23;;;;;10005;23;;;;;10000.0;820.0
-1;67100;KELP;2015;23;;;;;2018;23;;;;;2016.5;271.2109375
-1;67200;RAINFOREST_RESIN;9996;2;9995;20;;;10002;3;10004;2;10005;20;9999.0;820.0
-1;67200;KELP;2015;21;;;;;2018;22;;;;;2016.5;263.9375
-1;67300;KELP;2015;31;;;;;2018;30;;;;;2016.5;262.0078125
-1;67300;RAINFOREST_RESIN;9995;30;;;;;9998;3;10005;30;;;9996.5;820.0
-1;67400;KELP;2015;26;;;;;2018;26;;;;;2016.5;251.140625
-1;67400;RAINFOREST_RESIN;9998;4;9996;1;9995;25;10004;1;10005;25;;;10001.0;820.0
-1;67500;RAINFOREST_RESIN;9995;21;;;;;10005;21;;;;;10000.0;820.0
-1;67500;KELP;2015;20;;;;;2018;21;;;;;2016.5;254.1171875
-1;67600;RAINFOREST_RESIN;9996;2;9995;25;;;10004;2;10005;25;;;10000.0;820.0
-1;67600;KELP;2015;27;;;;;2018;27;;;;;2016.5;256.0390625
-1;67700;KELP;2015;33;;;;;2018;30;;;;;2016.5;253.046875
-1;67700;RAINFOREST_RESIN;9996;1;9995;29;;;10004;1;10005;29;;;10000.0;820.0
-1;67800;KELP;2015;38;;;;;2018;30;;;;;2016.5;265.9921875
-1;67800;RAINFOREST_RESIN;9998;3;9995;30;;;10005;30;;;;;10001.5;820.0
-1;67900;RAINFOREST_RESIN;9995;25;;;;;10005;25;;;;;10000.0;820.0
-1;67900;KELP;2015;25;;;;;2018;25;;;;;2016.5;254.40625
-1;68000;RAINFOREST_RESIN;9996;2;9995;21;;;10004;2;10005;21;;;10000.0;820.0
-1;68000;KELP;2015;23;;;;;2018;23;;;;;2016.5;252.8984375
-1;68100;KELP;2015;31;;;;;2017;4;2018;31;;;2016.0;270.984375
-1;68100;RAINFOREST_RESIN;9996;2;9995;29;;;10004;2;10005;29;;;10000.0;820.0
-1;68200;KELP;2017;1;2015;31;;;2018;31;;;;;2017.5;262.3984375
-1;68200;RAINFOREST_RESIN;9996;2;9995;29;;;10004;2;10005;29;;;10000.0;820.0
-1;68300;RAINFOREST_RESIN;9996;1;9995;28;;;10004;1;10005;28;;;10000.0;820.0
-1;68300;KELP;2017;1;2015;29;;;2018;29;;;;;2017.5;266.6640625
-1;68400;RAINFOREST_RESIN;9996;2;9995;26;;;10004;2;10005;26;;;10000.0;820.0
-1;68400;KELP;2015;28;;;;;2018;28;;;;;2016.5;261.03125
-1;68500;KELP;2015;23;;;;;2018;23;;;;;2016.5;257.875
-1;68500;RAINFOREST_RESIN;9995;23;;;;;10002;5;10005;23;;;9998.5;820.0
-1;68600;KELP;2015;24;;;;;2018;25;;;;;2016.5;259.203125
-1;68600;RAINFOREST_RESIN;9996;1;9995;24;;;10004;1;10005;24;;;10000.0;820.0
-1;68700;RAINFOREST_RESIN;9996;1;9995;27;;;10004;1;10005;27;;;10000.0;820.0
-1;68700;KELP;2015;28;;;;;2018;28;;;;;2016.5;252.9375
-1;68800;RAINFOREST_RESIN;9995;22;;;;;9998;1;10005;22;;;9996.5;820.0
-1;68800;KELP;2015;22;;;;;2018;22;;;;;2016.5;257.5
-1;68900;KELP;2017;1;2015;28;;;2018;28;;;;;2017.5;272.1875
-1;68900;RAINFOREST_RESIN;9996;1;9995;27;;;10004;1;10005;27;;;10000.0;820.0
-1;69000;KELP;2015;30;;;;;2018;30;;;;;2016.5;255.921875
-1;69000;RAINFOREST_RESIN;9996;2;9995;28;;;10004;2;10005;28;;;10000.0;820.0
-1;69100;RAINFOREST_RESIN;9998;9;9996;1;9995;30;10004;1;10005;30;;;10001.0;820.0
-1;69100;KELP;2015;30;;;;;2018;31;;;;;2016.5;263.0859375
-1;69200;RAINFOREST_RESIN;9996;2;9995;28;;;10004;2;10005;28;;;10000.0;820.0
-1;69200;KELP;2017;3;2015;30;;;2018;30;;;;;2017.5;264.5390625
-1;69300;KELP;2017;1;2015;21;;;2018;21;;;;;2017.5;266.4609375
-1;69300;RAINFOREST_RESIN;9995;21;;;;;9998;1;10005;21;;;9996.5;820.0
-1;69400;KELP;2015;26;;;;;2018;26;;;;;2016.5;264.96875
-1;69400;RAINFOREST_RESIN;10002;1;9998;2;9996;1;10004;1;10005;25;;;10003.0;820.0
-1;69500;RAINFOREST_RESIN;9998;1;9996;2;9995;24;10004;2;10005;24;;;10001.0;822.0
-1;69500;KELP;2015;32;;;;;2018;26;;;;;2016.5;263.5078125
-1;69600;RAINFOREST_RESIN;9995;23;;;;;10005;23;;;;;10000.0;822.0
-1;69600;KELP;2015;22;;;;;2018;23;;;;;2016.5;263.890625
-1;69700;KELP;2015;21;;;;;2018;21;;;;;2016.5;263.859375
-1;69700;RAINFOREST_RESIN;10002;1;9996;1;9995;20;10004;1;10005;20;;;10003.0;822.0
-1;69800;KELP;2015;24;;;;;2018;24;;;;;2016.5;254.25
-1;69800;RAINFOREST_RESIN;9996;1;9995;23;;;10004;1;10005;23;;;10000.0;828.0
-1;69900;RAINFOREST_RESIN;9996;2;9995;27;;;10004;2;10005;27;;;10000.0;828.0
-1;69900;KELP;2015;29;;;;;2018;29;;;;;2016.5;255.4375
-1;70000;RAINFOREST_RESIN;9996;2;9995;27;;;10004;2;10005;27;;;10000.0;828.0
-1;70000;KELP;2015;29;;;;;2018;29;;;;;2016.5;260.3984375
-1;70100;KELP;2015;23;;;;;2018;2;2019;22;;;2016.5;248.28125
-1;70100;RAINFOREST_RESIN;9996;2;9995;22;;;10004;2;10005;22;;;10000.0;828.0
-1;70200;KELP;2015;22;;;;;2018;22;;;;;2016.5;255.6953125
-1;70200;RAINFOREST_RESIN;9996;1;9995;21;;;10004;1;10005;21;;;10000.0;828.0
-1;70300;RAINFOREST_RESIN;9996;1;9995;25;;;9998;2;10004;1;10005;25;9997.0;828.0
-1;70300;KELP;2015;26;;;;;2018;26;;;;;2016.5;265.640625
-1;70400;RAINFOREST_RESIN;9995;26;;;;;10005;26;;;;;10000.0;828.0
-1;70400;KELP;2015;26;;;;;2017;6;2018;26;;;2016.0;271.5390625
-1;70500;KELP;2015;23;;;;;2016;3;2017;3;2018;23;2015.5;263.96875
-1;70500;RAINFOREST_RESIN;9995;23;;;;;10000;3;10005;23;;;9997.5;828.0
-1;70600;RAINFOREST_RESIN;9996;1;9995;27;;;10004;1;10005;27;;;10000.0;828.0
-1;70600;KELP;2015;34;;;;;2018;28;;;;;2016.5;251.7734375
-1;70700;KELP;2015;26;;;;;2018;26;;;;;2016.5;266.515625
-1;70700;RAINFOREST_RESIN;9995;26;;;;;10005;26;;;;;10000.0;834.0
-1;70800;RAINFOREST_RESIN;10002;1;9995;27;;;10005;27;;;;;10003.5;834.0
-1;70800;KELP;2015;26;;;;;2018;27;;;;;2016.5;261.3671875
-1;70900;KELP;2015;32;;;;;2018;32;;;;;2016.5;260.5859375
-1;70900;RAINFOREST_RESIN;9996;2;9995;30;;;10004;2;10005;30;;;10000.0;836.0
-1;71000;RAINFOREST_RESIN;9996;1;9995;29;;;10002;5;10004;1;10005;29;9999.0;836.0
-1;71000;KELP;2015;30;;;;;2018;30;;;;;2016.5;262.1015625
-1;71100;KELP;2015;22;;;;;2018;22;;;;;2016.5;261.015625
-1;71100;RAINFOREST_RESIN;9998;9;9996;1;9995;21;10004;1;10005;21;;;10001.0;836.0
-1;71200;RAINFOREST_RESIN;10002;1;9996;1;9995;28;10004;1;10005;28;;;10003.0;836.0
-1;71200;KELP;2015;28;;;;;2018;29;;;;;2016.5;262.2109375
-1;71300;KELP;2015;28;;;;;2017;4;2018;28;;;2016.0;268.390625
-1;71300;RAINFOREST_RESIN;9996;2;9995;26;;;10002;4;10004;2;10005;26;9999.0;838.0
-1;71400;RAINFOREST_RESIN;9996;2;9995;24;;;10002;3;10004;2;10005;24;9999.0;838.0
-1;71400;KELP;2015;26;;;;;2018;26;;;;;2016.5;270.3359375
-1;71500;KELP;2015;25;;;;;2018;28;;;;;2016.5;258.265625
-1;71500;RAINFOREST_RESIN;10002;1;9996;2;9995;26;10004;2;10005;26;;;10003.0;838.0
-1;71600;RAINFOREST_RESIN;9996;1;9995;27;;;9998;3;10004;1;10005;27;9997.0;840.0
-1;71600;KELP;2014;28;;;;;2018;28;;;;;2016.0;279.859375
-1;71700;KELP;2014;31;;;;;2016;4;2018;31;;;2015.0;279.09375
-1;71700;RAINFOREST_RESIN;9996;2;9995;29;;;10004;2;10005;29;;;10000.0;846.0
-1;71800;RAINFOREST_RESIN;10002;1;9996;2;9995;25;10004;2;10005;25;;;10003.0;846.0
-1;71800;KELP;2014;27;;;;;2018;27;;;;;2016.0;278.7421875
-1;71900;KELP;2014;26;;;;;2018;26;;;;;2016.0;283.734375
-1;71900;RAINFOREST_RESIN;10002;1;9996;1;9995;25;10004;1;10005;25;;;10003.0;848.0
-1;72000;RAINFOREST_RESIN;9996;1;9995;20;;;10004;1;10005;20;;;10000.0;850.0
-1;72000;KELP;2015;21;;;;;2017;6;2018;21;;;2016.0;262.2734375
-1;72100;KELP;2014;21;;;;;2016;5;2018;21;;;2015.0;277.671875
-1;72100;RAINFOREST_RESIN;9995;21;;;;;10005;21;;;;;10000.0;850.0
-1;72200;RAINFOREST_RESIN;9996;2;9995;29;;;10004;2;10005;29;;;10000.0;850.0
-1;72200;KELP;2016;3;2014;31;;;2018;31;;;;;2017.0;283.5078125
-1;72300;KELP;2014;23;;;;;2018;23;;;;;2016.0;276.9765625
-1;72300;RAINFOREST_RESIN;9996;1;9995;22;;;10002;8;10004;1;10005;22;9999.0;850.0
-1;72400;RAINFOREST_RESIN;10002;1;9996;2;9995;20;10004;2;10005;20;;;10003.0;850.0
-1;72400;KELP;2014;22;;;;;2016;6;2018;22;;;2015.0;281.734375
-1;72500;KELP;2014;34;;;;;2017;27;;;;;2015.5;293.9765625
-1;72500;RAINFOREST_RESIN;9996;2;9995;25;;;10004;2;10005;25;;;10000.0;852.0
-1;72600;RAINFOREST_RESIN;9996;2;9995;27;;;10004;2;10005;27;;;10000.0;854.0
-1;72600;KELP;2014;35;;;;;2015;4;2017;29;;;2014.5;289.703125
-1;72700;KELP;2014;23;;;;;2017;23;;;;;2015.5;293.1328125
-1;72700;RAINFOREST_RESIN;9995;23;;;;;10005;23;;;;;10000.0;854.0
-1;72800;RAINFOREST_RESIN;9995;20;;;;;10005;20;;;;;10000.0;854.0
-1;72800;KELP;2014;20;;;;;2017;20;;;;;2015.5;292.0234375
-1;72900;KELP;2014;24;;;;;2017;24;;;;;2015.5;293.375
-1;72900;RAINFOREST_RESIN;9998;1;9996;2;9995;22;10004;2;10005;22;;;10001.0;854.0
-1;73000;RAINFOREST_RESIN;9996;1;9995;21;;;10002;7;10004;1;10005;21;9999.0;856.0
-1;73000;KELP;2014;21;;;;;2016;2;2017;22;;;2015.0;293.15625
-1;73100;KELP;2014;31;;;;;2017;31;;;;;2015.5;299.328125
-1;73100;RAINFOREST_RESIN;9996;2;9995;29;;;10002;3;10004;2;10005;29;9999.0;856.0
-1;73200;KELP;2014;21;;;;;2017;21;;;;;2015.5;303.5625
-1;73200;RAINFOREST_RESIN;9995;21;;;;;10005;21;;;;;10000.0;856.0
-1;73300;RAINFOREST_RESIN;9996;1;9995;29;;;10004;1;10005;29;;;10000.0;856.0
-1;73300;KELP;2014;30;;;;;2017;30;;;;;2015.5;307.6953125
-1;73400;RAINFOREST_RESIN;9995;30;;;;;9998;1;10005;30;;;9996.5;856.0
-1;73400;KELP;2014;30;;;;;2016;4;2017;30;;;2015.0;304.34375
-1;73500;KELP;2014;25;;;;;2017;25;;;;;2015.5;301.734375
-1;73500;RAINFOREST_RESIN;9996;2;9995;23;;;10004;2;10005;23;;;10000.0;858.0
-1;73600;KELP;2014;25;;;;;2017;25;;;;;2015.5;300.96875
-1;73600;RAINFOREST_RESIN;9996;1;9995;24;;;10004;1;10005;24;;;10000.0;858.0
-1;73700;RAINFOREST_RESIN;9995;24;;;;;10005;24;;;;;10000.0;858.0
-1;73700;KELP;2014;24;;;;;2017;24;;;;;2015.5;289.6640625
-1;73800;RAINFOREST_RESIN;9995;24;;;;;10005;24;;;;;10000.0;858.0
-1;73800;KELP;2014;24;;;;;2016;5;2018;24;;;2015.0;277.703125
-1;73900;KELP;2015;27;;;;;2018;30;;;;;2016.5;255.125
-1;73900;RAINFOREST_RESIN;9995;30;;;;;10005;30;;;;;10000.0;858.0
-1;74000;KELP;2015;26;;;;;2017;3;2018;26;;;2016.0;268.53125
-1;74000;RAINFOREST_RESIN;10002;1;9998;10;9996;2;10004;2;10005;24;;;10003.0;858.0
-1;74100;RAINFOREST_RESIN;10000;6;9996;2;9995;30;10004;2;10005;30;;;10002.0;860.0
-1;74100;KELP;2016;6;2015;32;;;2018;32;;;;;2017.0;268.2421875
-1;74200;RAINFOREST_RESIN;9996;2;9995;20;;;10002;6;10004;2;10005;20;9999.0;860.0
-1;74200;KELP;2015;22;;;;;2018;22;;;;;2016.5;265.828125
-1;74300;KELP;2015;5;2014;32;;;2018;32;;;;;2016.5;282.2890625
-1;74300;RAINFOREST_RESIN;9996;2;9995;30;;;10002;6;10004;2;10005;30;9999.0;860.0
-1;74400;KELP;2015;30;;;;;2018;30;;;;;2016.5;266.078125
-1;74400;RAINFOREST_RESIN;9995;30;;;;;10005;30;;;;;10000.0;860.0
-1;74500;RAINFOREST_RESIN;10000;3;9995;29;;;10005;29;;;;;10002.5;860.0
-1;74500;KELP;2016;3;2014;29;;;2018;29;;;;;2017.0;273.1796875
-1;74600;RAINFOREST_RESIN;10002;1;9998;7;9995;29;10005;29;;;;;10003.5;860.0
-1;74600;KELP;2014;29;;;;;2018;29;;;;;2016.0;275.109375
-1;74700;KELP;2014;32;;;;;2018;32;;;;;2016.0;279.7421875
-1;74700;RAINFOREST_RESIN;9996;2;9995;30;;;10004;2;10005;30;;;10000.0;862.0
-1;74800;KELP;2014;26;;;;;2018;26;;;;;2016.0;277.53125
-1;74800;RAINFOREST_RESIN;9998;9;9996;1;9995;25;10004;1;10005;25;;;10001.0;862.0
-1;74900;RAINFOREST_RESIN;10002;1;9996;1;9995;30;10004;1;10005;30;;;10003.0;862.0
-1;74900;KELP;2015;31;;;;;2018;31;;;;;2016.5;271.609375
-1;75000;RAINFOREST_RESIN;9995;27;;;;;9998;1;10005;27;;;9996.5;864.0
-1;75000;KELP;2016;1;2014;27;;;2017;27;;;;;2016.5;292.3203125
-1;75100;KELP;2014;30;;;;;2017;30;;;;;2015.5;288.3203125
-1;75100;RAINFOREST_RESIN;9995;30;;;;;10005;30;;;;;10000.0;880.0
