day;timestamp;product;bid_price_1;bid_volume_1;bid_price_2;bid_volume_2;bid_price_3;bid_volume_3;ask_price_1;ask_volume_1;ask_price_2;ask_volume_2;ask_price_3;ask_volume_3;mid_price;profit_and_loss
-1;0;RAINFOREST_RESIN;10002;1;9996;2;9995;29;10004;2;10005;29;;;10003.0;0.0
-1;0;KELP;2028;1;2026;2;2025;29;2029;31;;;;;2028.5;0.0
-1;100;KELP;2025;24;;;;;2028;2;2029;22;;;2026.5;0.0
-1;100;RAINFOREST_RESIN;9996;2;9995;22;;;10004;2;10005;22;;;10000.0;0.0
-1;200;RAINFOREST_RESIN;9995;20;;;;;10005;20;;;;;10000.0;0.0
-1;200;KELP;2025;22;;;;;2028;20;;;;;2026.5;0.0
-1;300;KELP;2025;31;;;;;2028;2;2029;29;;;2026.5;0.0
-1;300;RAINFOREST_RESIN;9996;2;9995;29;;;10004;2;10005;29;;;10000.0;0.0
-1;400;RAINFOREST_RESIN;9996;2;9995;25;;;10004;2;10005;25;;;10000.0;0.0
-1;400;KELP;2025;27;;;;;2028;27;;;;;2026.5;0.0
-1;500;KELP;2025;30;;;;;2028;30;;;;;2026.5;0.0
-1;500;RAINFOREST_RESIN;9995;30;;;;;10002;4;10005;30;;;9998.5;0.0
-1;600;RAINFOREST_RESIN;10000;5;9995;25;;;10005;25;;;;;10002.5;0.0
-1;600;KELP;2026;5;2025;31;;;2028;25;;;;;2027.0;0.0
-1;700;KELP;2025;2;2024;23;;;2028;23;;;;;2026.5;0.0
-1;700;RAINFOREST_RESIN;9995;23;;;;;10005;23;;;;;10000.0;0.0
-1;800;RAINFOREST_RESIN;9996;1;9995;29;;;10004;1;10005;29;;;10000.0;0.0
-1;800;KELP;2024;1;2023;29;;;2027;30;;;;;2025.5;0.0
-1;900;KELP;2024;23;;;;;2027;23;;;;;2025.5;0.0
-1;900;RAINFOREST_RESIN;9996;1;9995;22;;;10004;1;10005;22;;;10000.0;0.0
-1;1000;RAINFOREST_RESIN;9995;26;;;;;10005;26;;;;;10000.0;0.0
-1;1000;KELP;2024;26;;;;;2026;6;2027;26;;;2025.0;0.0
-1;1100;KELP;2025;6;2024;26;;;2027;2;2028;24;;;2026.0;0.0
-1;1100;RAINFOREST_RESIN;9996;2;9995;24;;;10004;2;10005;24;;;10000.0;0.0
-1;1200;RAINFOREST_RESIN;9995;21;;;;;9998;1;10005;21;;;9996.5;20.0
-1;1200;KELP;2024;21;;;;;2026;8;2028;21;;;2025.0;0.0
-1;1300;KELP;2024;31;;;;;2028;31;;;;;2026.0;0.0
-1;1300;RAINFOREST_RESIN;10002;1;9996;1;9995;30;10004;1;10005;30;;;10003.0;22.0
-1;1400;RAINFOREST_RESIN;9996;1;9995;25;;;10004;1;10005;25;;;10000.0;24.0
-1;1400;KELP;2025;3;2024;25;;;2028;26;;;;;2026.5;0.0
-1;1500;KELP;2024;27;;;;;2028;27;;;;;2026.0;0.0
-1;1500;RAINFOREST_RESIN;9995;27;;;;;10005;27;;;;;10000.0;24.0
-1;1600;RAINFOREST_RESIN;9995;29;;;;;10005;29;;;;;10000.0;24.0
-1;1600;KELP;2024;29;;;;;2026;4;2028;29;;;2025.0;0.0
-1;1700;KELP;2024;22;;;;;2026;8;2028;22;;;2025.0;0.0
-1;1700;RAINFOREST_RESIN;9996;2;9995;20;;;10002;1;10004;2;10005;20;9999.0;24.0
-1;1800;RAINFOREST_RESIN;10002;1;9996;1;9995;22;10004;1;10005;22;;;10003.0;24.0
-1;1800;KELP;2024;23;;;;;2028;23;;;;;2026.0;0.0
-1;1900;KELP;2024;29;;;;;2026;5;2027;29;;;2025.0;0.0
-1;1900;RAINFOREST_RESIN;9996;1;9995;28;;;10004;1;10005;28;;;10000.0;26.0
-1;2000;KELP;2024;26;;;;;2027;26;;;;;2025.5;0.0
-1;2000;RAINFOREST_RESIN;9996;2;9995;24;;;9998;1;10004;2;10005;24;9997.0;26.0
-1;2100;RAINFOREST_RESIN;9996;2;9995;25;;;10002;3;10004;2;10005;25;9999.0;26.0
-1;2100;KELP;2024;27;;;;;2027;2;2028;25;;;2025.5;0.0
-1;2200;RAINFOREST_RESIN;9998;8;9996;1;9995;24;10004;1;10005;24;;;10001.0;26.0
-1;2200;KELP;2024;25;;;;;2026;7;2027;1;2028;24;2025.0;0.0
-1;2300;KELP;2024;32;;;;;2028;32;;;;;2026.0;0.0
-1;2300;RAINFOREST_RESIN;9998;7;9996;2;9995;30;10004;2;10005;30;;;10001.0;26.0
-1;2400;KELP;2024;29;;;;;2025;1;2028;29;;;2024.5;0.0
-1;2400;RAINFOREST_RESIN;9995;29;;;;;10005;29;;;;;10000.0;26.0
-1;2500;RAINFOREST_RESIN;9996;1;9995;22;;;10004;1;10005;22;;;10000.0;26.0
-1;2500;KELP;2025;2;2024;23;;;2027;1;2028;22;;;2026.0;0.0
-1;2600;RAINFOREST_RESIN;9995;23;;;;;10005;23;;;;;10000.0;26.0
-1;2600;KELP;2025;3;2024;23;;;2028;23;;;;;2026.5;0.0
-1;2700;KELP;2024;26;;;;;2027;26;;;;;2025.5;0.0
-1;2700;RAINFOREST_RESIN;9998;6;9995;26;;;10005;26;;;;;10001.5;26.0
-1;2800;KELP;2023;25;;;;;2027;25;;;;;2025.0;0.0
-1;2800;RAINFOREST_RESIN;9995;25;;;;;10005;25;;;;;10000.0;26.0
-1;2900;RAINFOREST_RESIN;9996;1;9995;25;;;10004;1;10005;25;;;10000.0;26.0
-1;2900;KELP;2023;26;;;;;2027;26;;;;;2025.0;0.0
-1;3000;RAINFOREST_RESIN;9998;1;9995;26;;;10005;26;;;;;10001.5;42.0
-1;3000;KELP;2024;29;;;;;2027;26;;;;;2025.5;0.0
-1;3100;KELP;2023;26;;;;;2025;5;2026;26;;;2024.0;0.0
-1;3100;RAINFOREST_RESIN;9996;2;9995;24;;;10004;2;10005;24;;;10000.0;44.0
-1;3200;KELP;2023;23;;;;;2025;3;2026;23;;;2024.0;0.0
-1;3200;RAINFOREST_RESIN;9996;1;9995;22;;;10004;1;10005;22;;;10000.0;48.0
-1;3300;RAINFOREST_RESIN;9996;2;9995;30;;;10004;2;10005;30;;;10000.0;52.0
-1;3300;KELP;2023;32;;;;;2025;2;2026;32;;;2024.0;0.0
-1;3400;RAINFOREST_RESIN;9996;2;9995;24;;;10004;2;10005;24;;;10000.0;52.0
-1;3400;KELP;2023;26;;;;;2026;26;;;;;2024.5;0.0
-1;3500;KELP;2023;26;;;;;2026;26;;;;;2024.5;0.0
-1;3500;RAINFOREST_RESIN;9995;26;;;;;10005;26;;;;;10000.0;52.0
-1;3600;KELP;2023;21;;;;;2026;21;;;;;2024.5;0.0
-1;3600;RAINFOREST_RESIN;9995;21;;;;;9998;4;10005;21;;;9996.5;52.0
-1;3700;RAINFOREST_RESIN;10002;1;9996;1;9995;23;10004;1;10005;23;;;10003.0;52.0
-1;3700;KELP;2023;27;;;;;2026;24;;;;;2024.5;0.0
-1;3800;RAINFOREST_RESIN;9996;2;9995;23;;;10002;10;10004;2;10005;23;9999.0;54.0
-1;3800;KELP;2023;25;;;;;2026;25;;;;;2024.5;0.0
-1;3900;KELP;2023;28;;;;;2026;26;;;;;2024.5;0.0
-1;3900;RAINFOREST_RESIN;9998;1;9996;1;9995;25;10004;1;10005;25;;;10001.0;57.0
-1;4000;KELP;2023;32;;;;;2026;32;;;;;2024.5;0.0
-1;4000;RAINFOREST_RESIN;9996;2;9995;30;;;10004;2;10005;30;;;10000.0;57.0
-1;4100;RAINFOREST_RESIN;9996;2;9995;27;;;10004;2;10005;27;;;10000.0;57.0
-1;4100;KELP;2023;29;;;;;2027;29;;;;;2025.0;0.0
-1;4200;RAINFOREST_RESIN;9996;2;9995;24;;;10002;4;10004;2;10005;24;9999.0;57.0
-1;4200;KELP;2023;26;;;;;2027;26;;;;;2025.0;0.0
-1;4300;KELP;2023;29;;;;;2024;5;2026;22;;;2023.5;0.0
-1;4300;RAINFOREST_RESIN;9995;22;;;;;9998;1;10000;6;10005;22;9996.5;69.0
-1;4400;KELP;2023;30;;;;;2026;30;;;;;2024.5;0.0
-1;4400;RAINFOREST_RESIN;9995;30;;;;;10005;30;;;;;10000.0;75.0
-1;4500;RAINFOREST_RESIN;9996;1;9995;28;;;10002;10;10004;1;10005;28;9999.0;75.0
-1;4500;KELP;2023;28;;;;;2026;29;;;;;2024.5;0.0
-1;4600;RAINFOREST_RESIN;9996;1;9995;29;;;10002;10;10004;1;10005;29;9999.0;75.0
-1;4600;KELP;2023;30;;;;;2026;30;;;;;2024.5;0.0
-1;4700;KELP;2023;25;;;;;2025;3;2026;32;;;2024.0;0.0
-1;4700;RAINFOREST_RESIN;9996;2;9995;30;;;10004;2;10005;30;;;10000.0;75.0
-1;4800;KELP;2023;24;;;;;2027;24;;;;;2025.0;0.0
-1;4800;RAINFOREST_RESIN;9998;6;9996;2;9995;22;10004;2;10005;22;;;10001.0;75.0
-1;4900;RAINFOREST_RESIN;9995;22;;;;;10002;7;10005;22;;;9998.5;77.0
-1;4900;KELP;2023;22;;;;;2027;22;;;;;2025.0;1.9462890625
-1;5000;RAINFOREST_RESIN;9998;3;9996;2;9995;28;10004;2;10005;28;;;10001.0;77.0
-1;5000;KELP;2023;30;;;;;2026;30;;;;;2024.5;2.79296875
-1;5100;KELP;2023;37;;;;;2026;31;;;;;2024.5;2.749755859375
-1;5100;RAINFOREST_RESIN;9996;1;9995;30;;;10004;1;10005;30;;;10000.0;77.0
-1;5200;KELP;2023;35;;;;;2026;27;;;;;2024.5;2.813720703125
-1;5200;RAINFOREST_RESIN;9998;9;9996;1;9995;26;10004;1;10005;26;;;10001.0;77.0
-1;5300;RAINFOREST_RESIN;9996;1;9995;20;;;10004;1;10005;20;;;10000.0;77.0
-1;5300;KELP;2025;1;2023;21;;;2026;21;;;;;2025.5;2.730224609375
-1;5400;RAINFOREST_RESIN;9995;21;;;;;10005;21;;;;;10000.0;77.0
-1;5400;KELP;2023;21;;;;;2025;6;2027;21;;;2024.0;2.03759765625
-1;5500;KELP;2023;27;;;;;2027;27;;;;;2025.0;1.811767578125
-1;5500;RAINFOREST_RESIN;9995;27;;;;;10005;27;;;;;10000.0;77.0
-1;5600;KELP;2025;2;2023;28;;;2027;28;;;;;2026.0;1.715087890625
-1;5600;RAINFOREST_RESIN;9995;28;;;;;10005;28;;;;;10000.0;77.0
-1;5700;RAINFOREST_RESIN;9998;2;9995;27;;;10005;27;;;;;10001.5;77.0
-1;5700;KELP;2024;26;;;;;2027;27;;;;;2025.5;1.535888671875
-1;5800;RAINFOREST_RESIN;9996;1;9995;30;;;10004;1;10005;30;;;10000.0;77.0
-1;5800;KELP;2024;31;;;;;2027;31;;;;;2025.5;0.8671875
-1;5900;KELP;2024;35;;;;;2027;30;;;;;2025.5;1.025146484375
-1;5900;RAINFOREST_RESIN;9996;2;9995;28;;;10004;2;10005;28;;;10000.0;77.0
-1;6000;KELP;2024;30;;;;;2027;30;;;;;2025.5;1.122314453125
-1;6000;RAINFOREST_RESIN;9995;30;;;;;10005;30;;;;;10000.0;77.0
-1;6100;RAINFOREST_RESIN;9996;1;9995;24;;;10004;1;10005;24;;;10000.0;77.0
-1;6100;KELP;2024;24;;;;;2027;25;;;;;2025.5;1.12109375
-1;6200;RAINFOREST_RESIN;9996;1;9995;21;;;10004;1;10005;21;;;10000.0;77.0
-1;6200;KELP;2024;22;;;;;2027;22;;;;;2025.5;1.015380859375
-1;6300;KELP;2024;30;;;;;2027;25;;;;;2025.5;0.568115234375
-1;6300;RAINFOREST_RESIN;9996;2;9995;23;;;10004;2;10005;23;;;10000.0;77.0
-1;6400;KELP;2024;25;;;;;2027;25;;;;;2025.5;0.61181640625
-1;6400;RAINFOREST_RESIN;9996;1;9995;24;;;10004;1;10005;24;;;10000.0;77.0
-1;6500;RAINFOREST_RESIN;9996;1;9995;26;;;9998;1;10004;1;10005;26;9997.0;77.0
-1;6500;KELP;2024;27;;;;;2027;27;;;;;2025.5;1.038330078125
-1;6600;RAINFOREST_RESIN;9996;2;9995;24;;;10004;2;10005;24;;;10000.0;77.0
-1;6600;KELP;2024;26;;;;;2028;26;;;;;2026.0;0.036376953125
-1;6700;KELP;2025;7;2024;20;;;2028;20;;;;;2026.5;-0.264404296875
-1;6700;RAINFOREST_RESIN;9995;20;;;;;10002;3;10005;20;;;9998.5;85.0
-1;6800;KELP;2024;32;;;;;2026;8;2027;2;2028;30;2025.0;0.422119140625
-1;6800;RAINFOREST_RESIN;9996;2;9995;30;;;10004;2;10005;30;;;10000.0;85.0
-1;6900;RAINFOREST_RESIN;9996;1;9995;26;;;10002;5;10004;1;10005;26;9999.0;85.0
-1;6900;KELP;2024;27;;;;;2026;1;2027;27;;;2025.0;0.768798828125
-1;7000;RAINFOREST_RESIN;9998;2;9995;27;;;10005;27;;;;;10001.5;85.0
-1;7000;KELP;2026;4;2024;27;;;2027;27;;;;;2026.5;0.6630859375
-1;7100;KELP;2024;30;;;;;2027;30;;;;;2025.5;1.069091796875
-1;7100;RAINFOREST_RESIN;9996;1;9995;29;;;10004;1;10005;29;;;10000.0;87.0
-1;7200;KELP;2024;28;;;;;2027;28;;;;;2025.5;1.2880859375
-1;7200;RAINFOREST_RESIN;9998;5;9996;1;9995;27;10004;1;10005;27;;;10001.0;87.0
-1;7300;RAINFOREST_RESIN;10002;1;9996;2;9995;29;10004;2;10005;29;;;10003.0;87.0
-1;7300;KELP;2024;35;;;;;2027;31;;;;;2025.5;1.304443359375
-1;7400;RAINFOREST_RESIN;9996;1;9995;22;;;10004;1;10005;22;;;10000.0;93.0
-1;7400;KELP;2024;22;;;;;2027;23;;;;;2025.5;1.206298828125
-1;7500;KELP;2024;25;;;;;2027;25;;;;;2025.5;1.04248046875
-1;7500;RAINFOREST_RESIN;9995;25;;;;;10002;10;10005;25;;;9998.5;93.0
-1;7600;KELP;2024;22;;;;;2027;22;;;;;2025.5;1.0810546875
-1;7600;RAINFOREST_RESIN;9996;2;9995;20;;;10004;2;10005;20;;;10000.0;93.0
-1;7700;RAINFOREST_RESIN;9995;22;;;;;10005;22;;;;;10000.0;93.0
-1;7700;KELP;2024;21;;;;;2027;22;;;;;2025.5;1.12158203125
-1;7800;RAINFOREST_RESIN;9998;3;9996;1;9995;22;10004;1;10005;22;;;10001.0;93.0
-1;7800;KELP;2024;23;;;;;2027;23;;;;;2025.5;1.15771484375
-1;7900;KELP;2024;31;;;;;2027;27;;;;;2025.5;1.1796875
-1;7900;RAINFOREST_RESIN;9996;1;9995;26;;;10004;1;10005;26;;;10000.0;93.0
-1;8000;KELP;2024;27;;;;;2026;8;2027;27;;;2025.0;1.39111328125
-1;8000;RAINFOREST_RESIN;9995;27;;;;;10005;27;;;;;10000.0;93.0
-1;8100;RAINFOREST_RESIN;9996;1;9995;22;;;10004;1;10005;22;;;10000.0;93.0
-1;8100;KELP;2023;23;;;;;2027;23;;;;;2025.0;2.16259765625
-1;8200;RAINFOREST_RESIN;9995;23;;;;;10005;23;;;;;10000.0;111.0
-1;8200;KELP;2023;23;;;;;2025;1;2026;23;;;2024.0;3.6953125
-1;8300;KELP;2023;30;;;;;2026;30;;;;;2024.5;4.740234375
-1;8300;RAINFOREST_RESIN;9996;1;9995;29;;;10004;1;10005;29;;;10000.0;111.0
-1;8400;RAINFOREST_RESIN;9995;28;;;;;10005;28;;;;;10000.0;111.0
-1;8400;KELP;2023;28;;;;;2026;28;;;;;2024.5;4.6865234375
-1;8500;KELP;2023;31;;;;;2026;31;;;;;2024.5;4.92333984375
-1;8500;RAINFOREST_RESIN;9998;10;9996;2;9995;29;10004;2;10005;29;;;10001.0;111.0
-1;8600;RAINFOREST_RESIN;9996;1;9995;22;;;10004;1;10005;22;;;10000.0;111.0
-1;8600;KELP;2023;22;;;;;2026;23;;;;;2024.5;4.43408203125
-1;8700;KELP;2023;27;;;;;2025;4;2026;27;;;2024.0;3.9189453125
-1;8700;RAINFOREST_RESIN;9998;10;9995;27;;;10005;27;;;;;10001.5;111.0
-1;8800;RAINFOREST_RESIN;9995;25;;;;;9998;1;10005;25;;;9996.5;111.0
-1;8800;KELP;2024;7;2023;25;;;2027;25;;;;;2025.5;3.02734375
-1;8900;KELP;2024;1;2023;26;;;2027;26;;;;;2025.5;3.18310546875
-1;8900;RAINFOREST_RESIN;9998;9;9995;26;;;10005;26;;;;;10001.5;113.0
-1;9000;RAINFOREST_RESIN;9996;2;9995;29;;;10004;2;10005;29;;;10000.0;113.0
-1;9000;KELP;2023;31;;;;;2027;31;;;;;2025.0;3.248046875
-1;9100;KELP;2023;29;;;;;2026;2;2027;27;;;2024.5;3.49658203125
-1;9100;RAINFOREST_RESIN;9998;3;9996;2;9995;27;10004;2;10005;27;;;10001.0;113.0
-1;9200;RAINFOREST_RESIN;9998;10;9995;27;;;10005;27;;;;;10001.5;113.0
-1;9200;KELP;2023;27;;;;;2025;7;2026;27;;;2024.0;3.6552734375
-1;9300;KELP;2023;21;;;;;2026;21;;;;;2024.5;4.2001953125
-1;9300;RAINFOREST_RESIN;9996;1;9995;20;;;10004;1;10005;20;;;10000.0;113.0
-1;9400;RAINFOREST_RESIN;9998;2;9996;2;9995;21;10004;2;10005;21;;;10001.0;113.0
-1;9400;KELP;2023;23;;;;;2026;23;;;;;2024.5;4.455078125
-1;9500;KELP;2023;35;;;;;2026;31;;;;;2024.5;4.24658203125
-1;9500;RAINFOREST_RESIN;9996;1;9995;30;;;10004;1;10005;30;;;10000.0;113.0
-1;9600;RAINFOREST_RESIN;9996;1;9995;30;;;10004;1;10005;30;;;10000.0;113.0
-1;9600;KELP;2023;31;;;;;2026;31;;;;;2024.5;4.705078125
-1;9700;KELP;2023;22;;;;;2026;22;;;;;2024.5;4.70849609375
-1;9700;RAINFOREST_RESIN;9995;22;;;;;10002;1;10005;22;;;9998.5;113.0
-1;9800;RAINFOREST_RESIN;9995;26;;;;;10005;26;;;;;10000.0;113.0
-1;9800;KELP;2023;26;;;;;2026;26;;;;;2024.5;4.5634765625
-1;9900;KELP;2025;4;2023;25;;;2026;25;;;;;2025.5;3.98486328125
-1;9900;RAINFOREST_RESIN;9995;25;;;;;10005;25;;;;;10000.0;113.0
-1;10000;RAINFOREST_RESIN;9995;28;;;;;10005;28;;;;;10000.0;113.0
-1;10000;KELP;2023;36;;;;;2026;28;;;;;2024.5;4.052734375
-1;10100;KELP;2023;25;;;;;2026;25;;;;;2024.5;4.31494140625
-1;10100;RAINFOREST_RESIN;9996;1;9995;24;;;10002;3;10004;1;10005;24;9999.0;113.0
-1;10200;RAINFOREST_RESIN;9996;2;9995;26;;;10004;2;10005;26;;;10000.0;113.0
-1;10200;KELP;2022;28;;;;;2026;28;;;;;2024.0;6.0634765625
-1;10300;KELP;2024;1;2022;35;;;2025;27;;;;;2024.5;7.8046875
-1;10300;RAINFOREST_RESIN;9998;4;9995;27;;;10005;27;;;;;10001.5;113.0
-1;10400;RAINFOREST_RESIN;10002;1;9996;1;9995;28;10004;1;10005;28;;;10003.0;113.0
-1;10400;KELP;2023;1;2022;29;;;2026;29;;;;;2024.5;5.8603515625
-1;10500;KELP;2023;2;2022;29;;;2026;31;;;;;2024.5;5.580078125
-1;10500;RAINFOREST_RESIN;9998;4;9996;2;9995;29;10004;2;10005;29;;;10001.0;115.0
-1;10600;RAINFOREST_RESIN;9996;2;9995;29;;;10000;4;10004;2;10005;29;9998.0;115.0
-1;10600;KELP;2022;31;;;;;2023;4;2024;4;2025;31;2022.5;7.267578125
-1;10700;KELP;2022;29;;;;;2025;28;;;;;2023.5;7.615234375
-1;10700;RAINFOREST_RESIN;9998;8;9995;28;;;10005;28;;;;;10001.5;115.0
-1;10800;RAINFOREST_RESIN;9998;5;9996;2;9995;22;10004;2;10005;22;;;10001.0;115.0
-1;10800;KELP;2022;27;;;;;2025;24;;;;;2023.5;7.3515625
-1;10900;KELP;2022;35;;;;;2025;28;;;;;2023.5;7.4296875
-1;10900;RAINFOREST_RESIN;9996;1;9995;27;;;10004;1;10005;27;;;10000.0;125.0
-1;11000;KELP;2024;7;2022;24;;;2025;24;;;;;2024.5;7.4375
-1;11000;RAINFOREST_RESIN;9995;24;;;;;10002;7;10005;24;;;9998.5;125.0
-1;11100;RAINFOREST_RESIN;9998;3;9995;21;;;10005;21;;;;;10001.5;125.0
-1;11100;KELP;2022;21;;;;;2025;21;;;;;2023.5;7.26171875
-1;11200;RAINFOREST_RESIN;9996;2;9995;21;;;10002;7;10004;2;10005;21;9999.0;133.0
-1;11200;KELP;2022;23;;;;;2025;23;;;;;2023.5;7.5029296875
-1;11300;KELP;2022;25;;;;;2025;22;;;;;2023.5;7.27685546875
-1;11300;RAINFOREST_RESIN;9996;1;9995;21;;;10004;1;10005;21;;;10000.0;133.0
-1;11400;KELP;2022;26;;;;;2025;26;;;;;2023.5;6.95166015625
-1;11400;RAINFOREST_RESIN;9996;1;9995;25;;;10004;1;10005;25;;;10000.0;133.0
-1;11500;RAINFOREST_RESIN;9996;1;9995;25;;;10002;7;10004;1;10005;25;9999.0;137.0
-1;11500;KELP;2022;26;;;;;2024;8;2025;26;;;2023.0;7.076171875
-1;11600;RAINFOREST_RESIN;9996;2;9995;27;;;10002;2;10004;2;10005;27;9999.0;137.0
-1;11600;KELP;2022;29;;;;;2026;29;;;;;2024.0;5.66748046875
-1;11700;KELP;2022;23;;;;;2023;2;2026;23;;;2022.5;6.224609375
-1;11700;RAINFOREST_RESIN;9996;2;9995;21;;;10004;2;10005;21;;;10000.0;137.0
-1;11800;KELP;2022;29;;;;;2024;4;2026;29;;;2023.0;5.453125
-1;11800;RAINFOREST_RESIN;9998;10;9995;29;;;10000;5;10005;29;;;9999.0;137.0
-1;11900;RAINFOREST_RESIN;9996;2;9995;30;;;10004;2;10005;30;;;10000.0;137.0
-1;11900;KELP;2023;2;2022;30;;;2024;3;2026;32;;;2023.5;5.57470703125
-1;12000;RAINFOREST_RESIN;10002;1;9995;20;;;10005;20;;;;;10003.5;137.0
-1;12000;KELP;2023;20;;;;;2026;20;;;;;2024.5;4.5869140625
-1;12100;KELP;2023;27;;;;;2025;1;2026;27;;;2024.0;4.625
-1;12100;RAINFOREST_RESIN;9996;2;9995;25;;;10004;2;10005;25;;;10000.0;139.0
-1;12200;KELP;2023;34;;;;;2026;30;;;;;2024.5;4.6650390625
-1;12200;RAINFOREST_RESIN;9996;2;9995;28;;;10004;2;10005;28;;;10000.0;139.0
-1;12300;RAINFOREST_RESIN;9998;6;9996;1;9995;28;10004;1;10005;28;;;10001.0;139.0
-1;12300;KELP;2023;29;;;;;2026;29;;;;;2024.5;4.4794921875
-1;12400;RAINFOREST_RESIN;9995;26;;;;;10005;26;;;;;10000.0;139.0
-1;12400;KELP;2023;30;;;;;2026;26;;;;;2024.5;4.33203125
-1;12500;KELP;2023;19;;;;;2026;20;;;;;2024.5;4.70703125
-1;12500;RAINFOREST_RESIN;9995;20;;;;;10005;20;;;;;10000.0;139.0
-1;12600;KELP;2023;22;;;;;2026;22;;;;;2024.5;5.080078125
-1;12600;RAINFOREST_RESIN;9995;22;;;;;10005;22;;;;;10000.0;139.0
-1;12700;RAINFOREST_RESIN;9996;2;9995;20;;;10004;2;10005;20;;;10000.0;139.0
-1;12700;KELP;2023;22;;;;;2026;22;;;;;2024.5;4.80078125
-1;12800;RAINFOREST_RESIN;9996;2;9995;20;;;10004;2;10005;20;;;10000.0;139.0
-1;12800;KELP;2023;22;;;;;2026;22;;;;;2024.5;4.59033203125
-1;12900;KELP;2023;36;;;;;2026;29;;;;;2024.5;4.3193359375
-1;12900;RAINFOREST_RESIN;9996;1;9995;28;;;10002;3;10004;1;10005;28;9999.0;139.0
-1;13000;KELP;2025;1;2023;6;2022;20;2026;20;;;;;2025.5;5.5673828125
-1;13000;RAINFOREST_RESIN;10002;1;9995;20;;;10005;20;;;;;10003.5;139.0
-1;13100;RAINFOREST_RESIN;9996;1;9995;25;;;10004;1;10005;25;;;10000.0;141.0
-1;13100;KELP;2023;33;;;;;2026;26;;;;;2024.5;5.14111328125
-1;13200;RAINFOREST_RESIN;9998;2;9995;22;;;10005;22;;;;;10001.5;141.0
-1;13200;KELP;2022;22;;;;;2025;5;2026;22;;;2023.5;5.3603515625
-1;13300;KELP;2023;6;2022;24;;;2026;24;;;;;2024.5;5.453125
-1;13300;RAINFOREST_RESIN;9995;24;;;;;10005;24;;;;;10000.0;141.0
-1;13400;KELP;2023;32;;;;;2026;32;;;;;2024.5;5.33984375
-1;13400;RAINFOREST_RESIN;9996;2;9995;30;;;10004;2;10005;30;;;10000.0;145.0
-1;13500;RAINFOREST_RESIN;9995;30;;;;;10005;30;;;;;10000.0;145.0
-1;13500;KELP;2022;30;;;;;2025;8;2026;30;;;2023.5;5.3759765625
-1;13600;RAINFOREST_RESIN;9995;25;;;;;10002;10;10005;25;;;9998.5;145.0
-1;13600;KELP;2023;24;;;;;2025;3;2026;25;;;2024.0;4.91552734375
-1;13700;KELP;2023;25;;;;;2026;21;;;;;2024.5;4.90576171875
-1;13700;RAINFOREST_RESIN;9996;1;9995;20;;;9998;4;10004;1;10005;20;9997.0;145.0
-1;13800;KELP;2023;23;;;;;2026;22;;;;;2024.5;4.72314453125
-1;13800;RAINFOREST_RESIN;9996;2;9995;20;;;10004;2;10005;20;;;10000.0;153.0
-1;13900;RAINFOREST_RESIN;9996;2;9995;20;;;10000;6;10004;2;10005;20;9998.0;153.0
-1;13900;KELP;2023;22;;;;;2024;6;2025;4;2026;22;2023.5;5.12353515625
-1;14000;RAINFOREST_RESIN;9998;5;9996;2;9995;27;10004;2;10005;27;;;10001.0;153.0
-1;14000;KELP;2023;3;2022;29;;;2026;29;;;;;2024.5;5.6767578125
-1;14100;KELP;2023;25;;;;;2025;1;2026;25;;;2024.0;4.6884765625
-1;14100;RAINFOREST_RESIN;9996;2;9995;23;;;10004;2;10005;23;;;10000.0;153.0
-1;14200;KELP;2023;20;;;;;2026;21;;;;;2024.5;4.630859375
-1;14200;RAINFOREST_RESIN;9995;21;;;;;10005;21;;;;;10000.0;153.0
-1;14300;RAINFOREST_RESIN;9996;2;9995;27;;;10004;2;10005;27;;;10000.0;153.0
-1;14300;KELP;2022;29;;;;;2026;29;;;;;2024.0;5.99267578125
-1;14400;RAINFOREST_RESIN;9996;1;9995;29;;;10004;1;10005;29;;;10000.0;153.0
-1;14400;KELP;2023;30;;;;;2026;30;;;;;2024.5;5.3095703125
-1;14500;KELP;2023;24;;;;;2026;24;;;;;2024.5;5.1875
-1;14500;RAINFOREST_RESIN;9995;24;;;;;10002;1;10005;24;;;9998.5;153.0
-1;14600;KELP;2022;28;;;;;2024;2;2026;28;;;2023.0;5.775390625
-1;14600;RAINFOREST_RESIN;9996;2;9995;26;;;10000;2;10004;2;10005;26;9998.0;153.0
-1;14700;RAINFOREST_RESIN;9995;30;;;;;10002;7;10005;30;;;9998.5;153.0
-1;14700;KELP;2022;30;;;;;2025;30;;;;;2023.5;6.927734375
-1;14800;RAINFOREST_RESIN;9995;28;;;;;10002;6;10005;28;;;9998.5;153.0
-1;14800;KELP;2022;28;;;;;2025;28;;;;;2023.5;6.96142578125
-1;14900;KELP;2023;4;2022;26;;;2025;26;;;;;2024.0;7.0478515625
-1;14900;RAINFOREST_RESIN;10000;4;9995;26;;;10005;26;;;;;10002.5;153.0
-1;15000;KELP;2024;8;2022;25;;;2025;25;;;;;2024.5;7.29296875
-1;15000;RAINFOREST_RESIN;9998;1;9995;25;;;10005;25;;;;;10001.5;153.0
-1;15100;RAINFOREST_RESIN;9995;22;;;;;10005;22;;;;;10000.0;153.0
-1;15100;KELP;2022;27;;;;;2025;22;;;;;2023.5;7.84619140625
-1;15200;RAINFOREST_RESIN;9998;6;9995;27;;;10005;27;;;;;10001.5;153.0
-1;15200;KELP;2022;26;;;;;2025;27;;;;;2023.5;7.87744140625
-1;15300;KELP;2022;26;;;;;2024;4;2025;26;;;2023.0;7.98291015625
-1;15300;RAINFOREST_RESIN;9995;26;;;;;10002;1;10005;26;;;9998.5;153.0
-1;15400;KELP;2022;35;;;;;2025;30;;;;;2023.5;8.16259765625
-1;15400;RAINFOREST_RESIN;9996;2;9995;28;;;9998;1;10004;2;10005;28;9997.0;156.0
-1;15500;RAINFOREST_RESIN;10002;1;9996;2;9995;29;10004;2;10005;29;;;10003.0;156.0
-1;15500;KELP;2022;31;;;;;2024;8;2025;31;;;2023.0;7.794921875
-1;15600;RAINFOREST_RESIN;9996;2;9995;24;;;10004;2;10005;24;;;10000.0;158.0
-1;15600;KELP;2022;31;;;;;2025;26;;;;;2023.5;7.490234375
-1;15700;KELP;2022;25;;;;;2025;25;;;;;2023.5;7.0126953125
-1;15700;RAINFOREST_RESIN;10002;5;9996;1;9995;24;10004;1;10005;24;;;10003.0;160.0
-1;15800;KELP;2025;1;2022;22;;;2026;22;;;;;2025.5;5.97265625
-1;15800;RAINFOREST_RESIN;9998;10;9996;2;9995;20;10004;2;10005;20;;;10001.0;170.0
-1;15900;RAINFOREST_RESIN;9996;2;9995;29;;;10000;6;10004;2;10005;29;9998.0;170.0
-1;15900;KELP;2023;31;;;;;2024;6;2025;2;2026;31;2023.5;5.046875
-1;16000;RAINFOREST_RESIN;9996;2;9995;27;;;10002;6;10004;2;10005;27;9999.0;170.0
-1;16000;KELP;2023;29;;;;;2025;2;2026;29;;;2024.0;5.1953125
-1;16100;KELP;2022;21;;;;;2023;2;2026;21;;;2022.5;6.515625
-1;16100;RAINFOREST_RESIN;9995;21;;;;;10000;2;10002;10;10005;21;9997.5;170.0
-1;16200;KELP;2022;24;;;;;2023;1;2026;24;;;2022.5;6.16845703125
-1;16200;RAINFOREST_RESIN;9995;24;;;;;9998;1;10005;24;;;9996.5;170.0
-1;16300;RAINFOREST_RESIN;9996;1;9995;22;;;10004;1;10005;22;;;10000.0;170.0
-1;16300;KELP;2023;2;2022;23;;;2026;23;;;;;2024.5;6.2626953125
-1;16400;RAINFOREST_RESIN;9996;2;9995;30;;;10002;3;10004;2;10005;30;9999.0;177.0
-1;16400;KELP;2023;2;2022;30;;;2026;32;;;;;2024.5;5.654296875
-1;16500;KELP;2023;2;2022;21;;;2026;23;;;;;2024.5;5.58544921875
-1;16500;RAINFOREST_RESIN;9996;2;9995;21;;;10002;7;10004;2;10005;21;9999.0;177.0
-1;16600;KELP;2022;30;;;;;2023;1;2026;30;;;2022.5;5.8896484375
-1;16600;RAINFOREST_RESIN;9998;4;9996;2;9995;28;10004;2;10005;28;;;10001.0;177.0
-1;16700;RAINFOREST_RESIN;10002;1;9995;26;;;10005;26;;;;;10003.5;177.0
-1;16700;KELP;2025;1;2022;26;;;2026;26;;;;;2025.5;5.638671875
-1;16800;RAINFOREST_RESIN;9995;26;;;;;10005;26;;;;;10000.0;179.0
-1;16800;KELP;2022;26;;;;;2026;26;;;;;2024.0;5.9697265625
-1;16900;KELP;2023;1;2022;25;;;2026;26;;;;;2024.5;5.61083984375
-1;16900;RAINFOREST_RESIN;9996;1;9995;25;;;10004;1;10005;25;;;10000.0;189.0
-1;17000;KELP;2023;29;;;;;2026;29;;;;;2024.5;5.24560546875
-1;17000;RAINFOREST_RESIN;9998;9;9995;29;;;10005;29;;;;;10001.5;189.0
-1;17100;KELP;2023;23;;;;;2026;23;;;;;2024.5;4.923828125
-1;17100;RAINFOREST_RESIN;9996;2;9995;21;;;10004;2;10005;21;;;10000.0;189.0
-1;17200;RAINFOREST_RESIN;9998;3;9996;2;9995;22;10004;2;10005;22;;;10001.0;189.0
-1;17200;KELP;2023;24;;;;;2026;24;;;;;2024.5;4.53662109375
-1;17300;KELP;2023;25;;;;;2025;6;2026;25;;;2024.0;4.2880859375
-1;17300;RAINFOREST_RESIN;9996;2;9995;23;;;10002;9;10004;2;10005;23;9999.0;189.0
-1;17400;RAINFOREST_RESIN;10000;6;9998;7;9995;28;10005;28;;;;;10002.5;189.0
-1;17400;KELP;2024;6;2023;28;;;2026;28;;;;;2025.0;3.6494140625
-1;17500;KELP;2023;26;;;;;2027;26;;;;;2025.0;3.54345703125
-1;17500;RAINFOREST_RESIN;9995;26;;;;;10005;26;;;;;10000.0;189.0
-1;17600;RAINFOREST_RESIN;9998;6;9995;30;;;10005;30;;;;;10001.5;189.0
-1;17600;KELP;2023;30;;;;;2026;30;;;;;2024.5;3.8544921875
-1;17700;KELP;2025;1;2023;29;;;2026;29;;;;;2025.5;4.07421875
-1;17700;RAINFOREST_RESIN;9996;2;9995;27;;;10004;2;10005;27;;;10000.0;189.0
-1;17800;RAINFOREST_RESIN;9996;2;9995;24;;;10002;5;10004;2;10005;24;9999.0;189.0
-1;17800;KELP;2023;26;;;;;2026;2;2027;24;;;2024.5;3.6376953125
-1;17900;KELP;2023;23;;;;;2027;23;;;;;2025.0;3.5146484375
-1;17900;RAINFOREST_RESIN;9995;23;;;;;10005;23;;;;;10000.0;189.0
-1;18000;RAINFOREST_RESIN;9996;2;9995;25;;;10004;2;10005;25;;;10000.0;189.0
-1;18000;KELP;2023;27;;;;;2026;27;;;;;2024.5;3.75927734375
-1;18100;KELP;2023;20;;;;;2027;20;;;;;2025.0;2.92431640625
-1;18100;RAINFOREST_RESIN;9995;20;;;;;10005;20;;;;;10000.0;189.0
-1;18200;RAINFOREST_RESIN;9996;1;9995;25;;;10004;1;10005;25;;;10000.0;189.0
-1;18200;KELP;2024;21;;;;;2027;26;;;;;2025.5;2.0234375
-1;18300;KELP;2023;25;;;;;2027;25;;;;;2025.0;2.6669921875
-1;18300;RAINFOREST_RESIN;9996;2;9995;23;;;10004;2;10005;23;;;10000.0;189.0
-1;18400;RAINFOREST_RESIN;9996;2;9995;23;;;10004;2;10005;23;;;10000.0;189.0
-1;18400;KELP;2024;25;;;;;2026;5;2027;25;;;2025.0;1.490234375
-1;18500;KELP;2024;29;;;;;2025;1;2027;29;;;2024.5;1.3017578125
-1;18500;RAINFOREST_RESIN;9995;29;;;;;10000;2;10005;29;;;9997.5;189.0
-1;18600;RAINFOREST_RESIN;10002;1;9995;20;;;10005;20;;;;;10003.5;189.0
-1;18600;KELP;2024;20;;;;;2026;5;2027;20;;;2025.0;0.9814453125
-1;18700;KELP;2024;22;;;;;2027;22;;;;;2025.5;0.89306640625
-1;18700;RAINFOREST_RESIN;9995;22;;;;;10005;22;;;;;10000.0;191.0
-1;18800;RAINFOREST_RESIN;9996;2;9995;26;;;10004;2;10005;26;;;10000.0;191.0
-1;18800;KELP;2024;28;;;;;2027;28;;;;;2025.5;1.5888671875
-1;18900;KELP;2024;22;;;;;2027;22;;;;;2025.5;1.2822265625
-1;18900;RAINFOREST_RESIN;9998;2;9995;22;;;10005;22;;;;;10001.5;191.0
-1;19000;RAINFOREST_RESIN;9996;2;9995;26;;;10004;2;10005;26;;;10000.0;191.0
-1;19000;KELP;2024;18;;;;;2027;28;;;;;2025.5;1.220703125
-1;19100;KELP;2024;28;;;;;2027;28;;;;;2025.5;1.13916015625
-1;19100;RAINFOREST_RESIN;9996;2;9995;26;;;10004;2;10005;26;;;10000.0;191.0
-1;19200;RAINFOREST_RESIN;9996;1;9995;20;;;9998;1;10004;1;10005;20;9997.0;191.0
-1;19200;KELP;2024;21;;;;;2027;21;;;;;2025.5;0.94873046875
-1;19300;KELP;2024;23;;;;;2027;23;;;;;2025.5;0.90478515625
-1;19300;RAINFOREST_RESIN;9996;2;9995;21;;;10004;2;10005;21;;;10000.0;193.0
-1;19400;RAINFOREST_RESIN;9995;26;;;;;10005;26;;;;;10000.0;195.0
-1;19400;KELP;2023;26;;;;;2027;26;;;;;2025.0;2.474609375
-1;19500;KELP;2024;23;;;;;2027;23;;;;;2025.5;1.5888671875
-1;19500;RAINFOREST_RESIN;9995;23;;;;;10005;23;;;;;10000.0;195.0
-1;19600;RAINFOREST_RESIN;9996;2;9995;27;;;10004;2;10005;27;;;10000.0;195.0
-1;19600;KELP;2024;2;2023;27;;;2027;29;;;;;2025.5;2.45849609375
-1;19700;KELP;2024;31;;;;;2026;7;2027;32;;;2025.0;2.1806640625
-1;19700;RAINFOREST_RESIN;10002;1;9996;2;9995;30;10004;2;10005;30;;;10003.0;195.0
-1;19800;RAINFOREST_RESIN;9996;2;9995;29;;;10004;2;10005;29;;;10000.0;197.0
-1;19800;KELP;2024;31;;;;;2027;31;;;;;2025.5;1.81640625
-1;19900;KELP;2024;32;;;;;2027;32;;;;;2025.5;1.42578125
-1;19900;RAINFOREST_RESIN;9996;2;9995;30;;;10004;2;10005;30;;;10000.0;197.0
-1;20000;KELP;2024;2;2023;27;;;2027;27;;;;;2025.5;3.10498046875
-1;20000;RAINFOREST_RESIN;9995;27;;;;;10002;4;10005;27;;;9998.5;197.0
-1;20100;RAINFOREST_RESIN;10002;1;9996;1;9995;30;10004;1;10005;30;;;10003.0;197.0
-1;20100;KELP;2023;31;;;;;2025;4;2027;31;;;2024.0;2.94287109375
-1;20200;RAINFOREST_RESIN;9995;29;;;;;9998;1;10005;29;;;9996.5;199.0
-1;20200;KELP;2023;29;;;;;2027;29;;;;;2025.0;3.3291015625
-1;20300;KELP;2024;26;;;;;2027;27;;;;;2025.5;1.19775390625
-1;20300;RAINFOREST_RESIN;9995;27;;;;;10005;27;;;;;10000.0;201.0
-1;20400;KELP;2024;30;;;;;2025;4;2027;29;;;2024.5;2.04296875
-1;20400;RAINFOREST_RESIN;9996;1;9995;28;;;10000;4;10004;1;10005;28;9998.0;201.0
-1;20500;RAINFOREST_RESIN;10000;3;9996;2;9995;30;10004;2;10005;30;;;10002.0;201.0
-1;20500;KELP;2025;4;2024;7;2023;30;2027;32;;;;;2026.0;2.57421875
-1;20600;RAINFOREST_RESIN;9996;2;9995;26;;;10004;2;10005;26;;;10000.0;201.0
-1;20600;KELP;2023;28;;;;;2027;28;;;;;2025.0;2.66064453125
-1;20700;KELP;2025;6;2023;22;;;2027;22;;;;;2026.0;2.5498046875
-1;20700;RAINFOREST_RESIN;10002;1;10000;6;9998;4;10005;22;;;;;10003.5;201.0
-1;20800;KELP;2024;2;2023;22;;;2027;24;;;;;2025.5;2.513671875
-1;20800;RAINFOREST_RESIN;9996;2;9995;22;;;10004;2;10005;22;;;10000.0;203.0
-1;20900;RAINFOREST_RESIN;9995;23;;;;;10005;23;;;;;10000.0;203.0
-1;20900;KELP;2026;1;2023;23;;;2027;23;;;;;2026.5;2.37890625
-1;21000;RAINFOREST_RESIN;9996;2;9995;26;;;10004;2;10005;26;;;10000.0;203.0
-1;21000;KELP;2024;28;;;;;2027;28;;;;;2025.5;2.23486328125
-1;21100;KELP;2024;2;2023;22;;;2027;24;;;;;2025.5;2.5029296875
-1;21100;RAINFOREST_RESIN;9996;2;9995;22;;;10004;2;10005;22;;;10000.0;203.0
-1;21200;KELP;2024;22;;;;;2027;22;;;;;2025.5;2.07275390625
-1;21200;RAINFOREST_RESIN;9995;22;;;;;9998;1;10005;22;;;9996.5;203.0
-1;21300;RAINFOREST_RESIN;9996;1;9995;29;;;10002;7;10004;1;10005;29;9999.0;205.0
-1;21300;KELP;2024;1;2023;29;;;2027;30;;;;;2025.5;2.4208984375
-1;21400;RAINFOREST_RESIN;9995;28;;;;;10005;28;;;;;10000.0;221.0
-1;21400;KELP;2024;28;;;;;2027;28;;;;;2025.5;2.10888671875
-1;21500;KELP;2026;4;2024;21;;;2027;21;;;;;2026.5;0.91162109375
-1;21500;RAINFOREST_RESIN;9996;1;9995;20;;;10004;1;10005;20;;;10000.0;221.0
-1;21600;KELP;2024;27;;;;;2027;2;2028;25;;;2025.5;0.53759765625
-1;21600;RAINFOREST_RESIN;10002;12;9996;2;9995;25;10004;2;10005;25;;;10003.0;221.0
-1;21700;RAINFOREST_RESIN;9998;8;9996;2;9995;29;10004;2;10005;29;;;10001.0;233.0
-1;21700;KELP;2024;31;;;;;2027;31;;;;;2025.5;0.806640625
-1;21800;RAINFOREST_RESIN;9996;2;9995;22;;;10004;2;10005;22;;;10000.0;233.0
-1;21800;KELP;2024;24;;;;;2028;24;;;;;2026.0;0.28076171875
-1;21900;KELP;2024;22;;;;;2028;22;;;;;2026.0;0.1552734375
-1;21900;RAINFOREST_RESIN;10002;3;9996;1;9995;21;10004;1;10005;21;;;10003.0;233.0
-1;22000;KELP;2024;21;;;;;2028;21;;;;;2026.0;0.5517578125
-1;22000;RAINFOREST_RESIN;9995;21;;;;;10005;21;;;;;10000.0;239.0
-1;22100;RAINFOREST_RESIN;9996;2;9995;22;;;10002;7;10004;2;10005;22;9999.0;239.0
-1;22100;KELP;2024;23;;;;;2027;24;;;;;2025.5;1.50732421875
-1;22200;RAINFOREST_RESIN;9998;6;9996;1;9995;20;10004;1;10005;20;;;10001.0;239.0
-1;22200;KELP;2024;21;;;;;2027;21;;;;;2025.5;2.0966796875
-1;22300;KELP;2023;29;;;;;2026;1;2027;28;;;2024.5;3.6142578125
-1;22300;RAINFOREST_RESIN;9996;1;9995;28;;;10004;1;10005;28;;;10000.0;249.0
-1;22400;KELP;2023;29;;;;;2026;29;;;;;2024.5;3.744140625
-1;22400;RAINFOREST_RESIN;9996;2;9995;27;;;9998;1;10004;2;10005;27;9997.0;249.0
-1;22500;RAINFOREST_RESIN;9996;2;9995;29;;;10004;2;10005;29;;;10000.0;265.0
-1;22500;KELP;2023;31;;;;;2026;31;;;;;2024.5;4.41943359375
-1;22600;RAINFOREST_RESIN;10000;6;9998;6;9996;2;10004;2;10005;20;;;10002.0;265.0
-1;22600;KELP;2024;6;2023;26;;;2026;22;;;;;2025.0;4.6376953125
-1;22700;KELP;2023;25;;;;;2026;26;;;;;2024.5;4.74267578125
-1;22700;RAINFOREST_RESIN;9996;2;9995;24;;;10004;2;10005;24;;;10000.0;265.0
-1;22800;KELP;2023;27;;;;;2026;28;;;;;2024.5;5.32861328125
-1;22800;RAINFOREST_RESIN;9996;1;9995;27;;;9998;2;10004;1;10005;27;9997.0;265.0
-1;22900;RAINFOREST_RESIN;9996;2;9995;30;;;10002;8;10004;2;10005;30;9999.0;265.0
-1;22900;KELP;2023;2;2022;30;;;2026;32;;;;;2024.5;5.48291015625
-1;23000;RAINFOREST_RESIN;9996;1;9995;21;;;10004;1;10005;21;;;10000.0;265.0
-1;23000;KELP;2022;22;;;;;2026;22;;;;;2024.0;5.8896484375
-1;23100;KELP;2023;23;;;;;2026;23;;;;;2024.5;5.091796875
-1;23100;RAINFOREST_RESIN;9998;8;9995;23;;;10005;23;;;;;10001.5;265.0
-1;23200;KELP;2023;2;2022;29;;;2024;3;2026;31;;;2023.5;5.43505859375
-1;23200;RAINFOREST_RESIN;9998;5;9996;2;9995;29;10004;2;10005;29;;;10001.0;265.0
-1;23300;RAINFOREST_RESIN;9996;1;9995;29;;;10004;1;10005;29;;;10000.0;265.0
-1;23300;KELP;2023;30;;;;;2026;30;;;;;2024.5;4.91845703125
-1;23400;RAINFOREST_RESIN;9996;1;9995;29;;;10004;1;10005;29;;;10000.0;265.0
-1;23400;KELP;2023;30;;;;;2026;30;;;;;2024.5;4.8857421875
-1;23500;KELP;2023;29;;;;;2025;4;2026;30;;;2024.0;4.912109375
-1;23500;RAINFOREST_RESIN;9998;8;9996;2;9995;28;10004;2;10005;28;;;10001.0;265.0
-1;23600;KELP;2022;27;;;;;2026;27;;;;;2024.0;5.4287109375
-1;23600;RAINFOREST_RESIN;9995;27;;;;;10005;27;;;;;10000.0;265.0
-1;23700;RAINFOREST_RESIN;10002;1;9996;2;9995;21;10004;2;10005;21;;;10003.0;265.0
-1;23700;KELP;2023;2;2022;21;;;2025;7;2026;23;;;2024.0;5.39306640625
-1;23800;RAINFOREST_RESIN;9995;30;;;;;10005;30;;;;;10000.0;283.0
-1;23800;KELP;2024;1;2022;30;;;2026;30;;;;;2025.0;6.36572265625
-1;23900;KELP;2025;1;2023;1;2022;30;2026;30;;;;;2025.5;5.68212890625
-1;23900;RAINFOREST_RESIN;9995;30;;;;;10005;30;;;;;10000.0;283.0
-1;24000;KELP;2022;29;;;;;2026;29;;;;;2024.0;5.69970703125
-1;24000;RAINFOREST_RESIN;9998;9;9995;29;;;10005;29;;;;;10001.5;283.0
-1;24100;RAINFOREST_RESIN;9996;1;9995;25;;;10004;1;10005;25;;;10000.0;283.0
-1;24100;KELP;2023;1;2022;25;;;2025;3;2026;26;;;2024.0;5.3720703125
-1;24200;RAINFOREST_RESIN;9996;2;9995;28;;;10002;6;10004;2;10005;28;9999.0;297.0
-1;24200;KELP;2023;30;;;;;2026;30;;;;;2024.5;4.92236328125
-1;24300;KELP;2023;26;;;;;2026;26;;;;;2024.5;4.8515625
-1;24300;RAINFOREST_RESIN;9996;2;9995;24;;;10002;1;10004;2;10005;24;9999.0;297.0
-1;24400;KELP;2025;1;2023;22;;;2026;22;;;;;2025.5;5.2255859375
-1;24400;RAINFOREST_RESIN;10002;1;9998;4;9996;1;10004;1;10005;21;;;10003.0;297.0
-1;24500;RAINFOREST_RESIN;10002;1;9996;1;9995;25;10004;1;10005;25;;;10003.0;299.0
-1;24500;KELP;2022;26;;;;;2026;26;;;;;2024.0;5.93701171875
-1;24600;RAINFOREST_RESIN;9995;24;;;;;9998;2;10005;24;;;9996.5;305.0
-1;24600;KELP;2022;24;;;;;2024;2;2026;24;;;2023.0;7.8179931640625
-1;24700;KELP;2023;25;;;;;2026;25;;;;;2024.5;7.683349609375
-1;24700;RAINFOREST_RESIN;9995;25;;;;;10005;25;;;;;10000.0;309.0
-1;24800;KELP;2022;23;;;;;2026;23;;;;;2024.0;7.94873046875
-1;24800;RAINFOREST_RESIN;9995;23;;;;;10005;23;;;;;10000.0;309.0
-1;24900;RAINFOREST_RESIN;10002;1;9996;1;9995;22;10004;1;10005;22;;;10003.0;309.0
-1;24900;KELP;2024;4;2022;23;;;2026;23;;;;;2025.0;7.8896484375
-1;25000;RAINFOREST_RESIN;9995;23;;;;;10005;23;;;;;10000.0;311.0
-1;25000;KELP;2023;23;;;;;2026;23;;;;;2024.5;7.707275390625
-1;25100;KELP;2022;25;;;;;2024;4;2026;25;;;2023.0;7.8502197265625
-1;25100;RAINFOREST_RESIN;10002;1;9995;25;;;10005;25;;;;;10003.5;311.0
-1;25200;KELP;2023;1;2022;24;;;2025;3;2026;25;;;2024.0;7.8095703125
-1;25200;RAINFOREST_RESIN;9996;1;9995;24;;;9998;5;10004;1;10005;24;9997.0;313.0
-1;25300;RAINFOREST_RESIN;9996;2;9995;22;;;10004;2;10005;22;;;10000.0;323.0
-1;25300;KELP;2023;4;2022;22;;;2026;24;;;;;2024.5;7.810791015625
-1;25400;RAINFOREST_RESIN;9996;1;9995;29;;;10004;1;10005;29;;;10000.0;323.0
-1;25400;KELP;2025;8;2023;30;;;2026;30;;;;;2025.5;7.7469482421875
-1;25500;KELP;2022;21;;;;;2025;21;;;;;2023.5;8.3126220703125
-1;25500;RAINFOREST_RESIN;9996;1;9995;20;;;9998;6;10002;9;10004;1;9997.0;323.0
-1;25600;KELP;2023;31;;;;;2026;23;;;;;2024.5;7.729736328125
-1;25600;RAINFOREST_RESIN;9996;1;9995;22;;;10002;7;10004;1;10005;22;9999.0;331.0
-1;25700;RAINFOREST_RESIN;9996;2;9995;30;;;10004;2;10005;30;;;10000.0;331.0
-1;25700;KELP;2023;32;;;;;2025;6;2026;32;;;2024.0;7.5909423828125
-1;25800;RAINFOREST_RESIN;10002;4;9995;24;;;10005;24;;;;;10003.5;337.0
-1;25800;KELP;2023;23;;;;;2026;24;;;;;2024.5;7.4215087890625
-1;25900;KELP;2023;25;;;;;2026;25;;;;;2024.5;7.647705078125
-1;25900;RAINFOREST_RESIN;9996;2;9995;23;;;10004;2;10005;23;;;10000.0;345.0
-1;26000;RAINFOREST_RESIN;9996;2;9995;27;;;10004;2;10005;27;;;10000.0;345.0
-1;26000;KELP;2023;22;;;;;2026;29;;;;;2024.5;7.7801513671875
-1;26100;KELP;2023;20;;;;;2026;20;;;;;2024.5;7.627197265625
-1;26100;RAINFOREST_RESIN;9998;7;9995;20;;;10005;20;;;;;10001.5;345.0
-1;26200;RAINFOREST_RESIN;9996;1;9995;22;;;10004;1;10005;22;;;10000.0;345.0
-1;26200;KELP;2023;23;;;;;2026;23;;;;;2024.5;7.5858154296875
-1;26300;KELP;2023;30;;;;;2026;30;;;;;2024.5;7.6265869140625
-1;26300;RAINFOREST_RESIN;9996;1;9995;29;;;9998;1;10004;1;10005;29;9997.0;345.0
-1;26400;RAINFOREST_RESIN;9995;22;;;;;10005;22;;;;;10000.0;347.0
-1;26400;KELP;2023;27;;;;;2026;22;;;;;2024.5;7.705078125
-1;26500;KELP;2023;24;;;;;2026;24;;;;;2024.5;7.7232666015625
-1;26500;RAINFOREST_RESIN;9996;1;9995;23;;;10004;1;10005;23;;;10000.0;347.0
-1;26600;RAINFOREST_RESIN;9996;2;9995;28;;;9998;1;10004;2;10005;28;9997.0;347.0
-1;26600;KELP;2023;36;;;;;2026;30;;;;;2024.5;7.64013671875
-1;26700;KELP;2023;24;;;;;2025;6;2026;24;;;2024.0;7.6510009765625
-1;26700;RAINFOREST_RESIN;9998;2;9996;1;9995;23;10004;1;10005;23;;;10001.0;347.0
-1;26800;RAINFOREST_RESIN;9996;2;9995;28;;;10004;2;10005;28;;;10000.0;347.0
-1;26800;KELP;2025;1;2023;30;;;2026;30;;;;;2025.5;7.681884765625
-1;26900;KELP;2023;29;;;;;2026;30;;;;;2024.5;7.7008056640625
-1;26900;RAINFOREST_RESIN;10002;1;9995;30;;;10005;30;;;;;10003.5;347.0
-1;27000;RAINFOREST_RESIN;9995;28;;;;;10002;1;10005;28;;;9998.5;349.0
-1;27000;KELP;2023;30;;;;;2026;28;;;;;2024.5;7.689697265625
-1;27100;KELP;2023;27;;;;;2026;24;;;;;2024.5;7.600341796875
-1;27100;RAINFOREST_RESIN;9995;24;;;;;10005;24;;;;;10000.0;349.0
-1;27200;RAINFOREST_RESIN;9998;2;9995;21;;;10005;21;;;;;10001.5;349.0
-1;27200;KELP;2023;21;;;;;2025;2;2026;21;;;2024.0;7.641357421875
-1;27300;KELP;2025;1;2023;31;;;2026;31;;;;;2025.5;7.611572265625
-1;27300;RAINFOREST_RESIN;9996;2;9995;29;;;10004;2;10005;29;;;10000.0;349.0
-1;27400;RAINFOREST_RESIN;9995;21;;;;;10005;21;;;;;10000.0;349.0
-1;27400;KELP;2023;21;;;;;2026;21;;;;;2024.5;7.36474609375
-1;27500;KELP;2023;23;;;;;2025;6;2026;23;;;2024.0;7.32275390625
-1;27500;RAINFOREST_RESIN;9996;1;9995;22;;;10004;1;10005;22;;;10000.0;349.0
-1;27600;RAINFOREST_RESIN;9998;5;9995;24;;;10005;24;;;;;10001.5;349.0
-1;27600;KELP;2023;30;;;;;2026;24;;;;;2024.5;7.4400634765625
-1;27700;KELP;2023;19;;;;;2026;24;;;;;2024.5;7.396728515625
-1;27700;RAINFOREST_RESIN;9995;24;;;;;10005;24;;;;;10000.0;349.0
-1;27800;RAINFOREST_RESIN;9998;9;9996;2;9995;26;10004;2;10005;26;;;10001.0;349.0
-1;27800;KELP;2023;28;;;;;2025;3;2026;28;;;2024.0;7.2781982421875
-1;27900;KELP;2025;1;2023;29;;;2026;29;;;;;2025.5;7.3472900390625
-1;27900;RAINFOREST_RESIN;9996;2;9995;27;;;10002;4;10004;2;10005;27;9999.0;349.0
-1;28000;RAINFOREST_RESIN;9998;2;9995;28;;;10005;28;;;;;10001.5;349.0
-1;28000;KELP;2023;28;;;;;2026;28;;;;;2024.5;7.257080078125
-1;28100;KELP;2023;26;;;;;2026;26;;;;;2024.5;7.3409423828125
-1;28100;RAINFOREST_RESIN;9996;2;9995;24;;;10004;2;10005;24;;;10000.0;349.0
-1;28200;RAINFOREST_RESIN;9996;1;9995;25;;;9998;2;10004;1;10005;25;9997.0;349.0
-1;28200;KELP;2023;26;;;;;2025;5;2026;1;2027;25;2024.0;7.127197265625
-1;28300;KELP;2023;24;;;;;2024;2;2027;24;;;2023.5;7.0665283203125
-1;28300;RAINFOREST_RESIN;9996;1;9995;23;;;10004;1;10005;23;;;10000.0;349.0
-1;28400;RAINFOREST_RESIN;9996;2;9995;23;;;10004;2;10005;23;;;10000.0;349.0
-1;28400;KELP;2023;24;;;;;2027;25;;;;;2025.0;7.1082763671875
-1;28500;KELP;2023;23;;;;;2027;23;;;;;2025.0;6.99755859375
-1;28500;RAINFOREST_RESIN;9998;10;9995;23;;;10005;23;;;;;10001.5;349.0
-1;28600;RAINFOREST_RESIN;10002;1;9996;2;9995;21;10004;2;10005;21;;;10003.0;349.0
-1;28600;KELP;2023;23;;;;;2025;8;2027;23;;;2024.0;6.9886474609375
-1;28700;RAINFOREST_RESIN;9995;30;;;;;10005;30;;;;;10000.0;351.0
-1;28700;KELP;2023;30;;;;;2027;30;;;;;2025.0;6.9251708984375
-1;28800;RAINFOREST_RESIN;9995;27;;;;;10005;27;;;;;10000.0;351.0
-1;28800;KELP;2024;27;;;;;2027;27;;;;;2025.5;6.745361328125
-1;28900;KELP;2024;26;;;;;2027;22;;;;;2025.5;6.3980712890625
-1;28900;RAINFOREST_RESIN;9998;7;9996;1;9995;21;10004;1;10005;21;;;10001.0;351.0
-1;29000;KELP;2024;23;;;;;2027;24;;;;;2025.5;6.6357421875
-1;29000;RAINFOREST_RESIN;9995;24;;;;;10005;24;;;;;10000.0;351.0
-1;29100;RAINFOREST_RESIN;9996;2;9995;26;;;10004;2;10005;26;;;10000.0;361.0
-1;29100;KELP;2024;31;;;;;2027;28;;;;;2025.5;6.529541015625
-1;29200;RAINFOREST_RESIN;9996;1;9995;30;;;10004;1;10005;30;;;10000.0;361.0
-1;29200;KELP;2026;1;2024;31;;;2027;31;;;;;2026.5;6.6021728515625
-1;29300;KELP;2024;32;;;;;2026;2;2027;32;;;2025.0;6.5740966796875
-1;29300;RAINFOREST_RESIN;9996;2;9995;30;;;10002;3;10004;2;10005;30;9999.0;361.0
-1;29400;KELP;2024;25;;;;;2027;26;;;;;2025.5;6.5511474609375
-1;29400;RAINFOREST_RESIN;10002;1;9996;1;9995;25;10004;1;10005;25;;;10003.0;361.0
-1;29500;RAINFOREST_RESIN;9996;2;9995;27;;;10004;2;10005;27;;;10000.0;363.0
-1;29500;KELP;2024;31;;;;;2027;29;;;;;2025.5;6.532958984375
-1;29600;RAINFOREST_RESIN;9996;2;9995;28;;;10004;2;10005;28;;;10000.0;363.0
-1;29600;KELP;2024;2;2023;28;;;2025;3;2027;30;;;2024.5;6.8485107421875
-1;29700;KELP;2024;28;;;;;2027;26;;;;;2025.5;6.2802734375
-1;29700;RAINFOREST_RESIN;9996;1;9995;25;;;10002;4;10004;1;10005;25;9999.0;363.0
-1;29800;KELP;2024;31;;;;;2026;1;2027;1;2028;30;2025.0;6.1951904296875
-1;29800;RAINFOREST_RESIN;9998;6;9996;1;9995;30;10004;1;10005;30;;;10001.0;363.0
-1;29900;RAINFOREST_RESIN;9995;21;;;;;10005;21;;;;;10000.0;363.0
-1;29900;KELP;2025;8;2024;21;;;2028;21;;;;;2026.5;6.1341552734375
-1;30000;RAINFOREST_RESIN;9998;3;9996;1;9995;30;10004;1;10005;30;;;10001.0;363.0
-1;30000;KELP;2024;31;;;;;2028;31;;;;;2026.0;6.037841796875
-1;30100;KELP;2024;30;;;;;2027;30;;;;;2025.5;6.3023681640625
-1;30100;RAINFOREST_RESIN;9996;2;9995;28;;;10004;2;10005;28;;;10000.0;365.0
-1;30200;KELP;2024;22;;;;;2027;22;;;;;2025.5;6.2255859375
-1;30200;RAINFOREST_RESIN;9996;2;9995;20;;;10004;2;10005;20;;;10000.0;365.0
-1;30300;RAINFOREST_RESIN;9996;2;9995;29;;;10002;9;10004;2;10005;29;9999.0;365.0
-1;30300;KELP;2026;1;2024;31;;;2027;31;;;;;2026.5;6.358154296875
-1;30400;RAINFOREST_RESIN;10000;5;9996;2;9995;29;10002;8;10004;2;10005;29;10001.0;365.0
-1;30400;KELP;2025;5;2024;31;;;2027;31;;;;;2026.0;6.508544921875
-1;30500;KELP;2024;22;;;;;2027;22;;;;;2025.5;6.76220703125
-1;30500;RAINFOREST_RESIN;9998;5;9996;2;9995;20;10004;2;10005;20;;;10001.0;365.0
-1;30600;KELP;2024;1;2023;20;;;2027;22;;;;;2025.5;6.824462890625
-1;30600;RAINFOREST_RESIN;9996;2;9995;20;;;10002;4;10004;2;10005;20;9999.0;365.0
-1;30700;RAINFOREST_RESIN;9995;30;;;;;10005;30;;;;;10000.0;365.0
-1;30700;KELP;2024;30;;;;;2027;30;;;;;2025.5;6.7618408203125
-1;30800;RAINFOREST_RESIN;9996;1;9995;30;;;10004;1;10005;30;;;10000.0;365.0
-1;30800;KELP;2024;4;2023;30;;;2027;31;;;;;2025.5;6.8023681640625
-1;30900;KELP;2023;30;;;;;2025;7;2026;30;;;2024.0;7.3780517578125
-1;30900;RAINFOREST_RESIN;9996;2;9995;28;;;10002;6;10004;2;10005;28;9999.0;365.0
-1;31000;KELP;2024;4;2023;30;;;2026;23;;;;;2025.0;7.3050537109375
-1;31000;RAINFOREST_RESIN;10000;4;9996;1;9995;22;10004;1;10005;22;;;10002.0;365.0
-1;31100;RAINFOREST_RESIN;9996;2;9995;27;;;10004;2;10005;27;;;10000.0;365.0
-1;31100;KELP;2023;29;;;;;2026;2;2027;27;;;2024.5;7.20263671875
-1;31200;RAINFOREST_RESIN;9996;2;9995;29;;;10002;6;10004;2;10005;29;9999.0;365.0
-1;31200;KELP;2023;31;;;;;2026;31;;;;;2024.5;7.2349853515625
-1;31300;KELP;2023;24;;;;;2026;24;;;;;2024.5;7.262939453125
-1;31300;RAINFOREST_RESIN;9996;1;9995;23;;;10004;1;10005;23;;;10000.0;365.0
-1;31400;KELP;2023;26;;;;;2026;26;;;;;2024.5;7.4659423828125
-1;31400;RAINFOREST_RESIN;9995;26;;;;;9998;1;10005;26;;;9996.5;365.0
-1;31500;RAINFOREST_RESIN;9995;30;;;;;10005;30;;;;;10000.0;365.0
-1;31500;KELP;2023;35;;;;;2026;30;;;;;2024.5;7.4052734375
-1;31600;RAINFOREST_RESIN;9995;27;;;;;10005;27;;;;;10000.0;365.0
-1;31600;KELP;2025;1;2023;27;;;2026;27;;;;;2025.5;7.3116455078125
-1;31700;KELP;2023;24;;;;;2025;3;2026;24;;;2024.0;7.2899169921875
-1;31700;RAINFOREST_RESIN;9996;2;9995;22;;;10004;2;10005;22;;;10000.0;365.0
-1;31800;KELP;2024;6;2023;26;;;2026;1;2027;25;;;2025.0;7.1265869140625
-1;31800;RAINFOREST_RESIN;10000;6;9996;1;9995;25;10004;1;10005;25;;;10002.0;365.0
-1;31900;RAINFOREST_RESIN;9998;3;9995;28;;;10005;28;;;;;10001.5;365.0
-1;31900;KELP;2024;4;2023;28;;;2027;28;;;;;2025.5;7.11328125
-1;32000;RAINFOREST_RESIN;9996;1;9995;24;;;10004;1;10005;24;;;10000.0;369.0
-1;32000;KELP;2024;2;2023;25;;;2026;1;2027;24;;;2025.0;7.1717529296875
-1;32100;KELP;2023;29;;;;;2026;29;;;;;2024.5;7.49462890625
-1;32100;RAINFOREST_RESIN;9996;1;9995;28;;;10004;1;10005;28;;;10000.0;369.0
-1;32200;KELP;2023;28;;;;;2027;28;;;;;2025.0;7.0535888671875
-1;32200;RAINFOREST_RESIN;9996;1;9995;27;;;10004;1;10005;27;;;10000.0;369.0
-1;32300;RAINFOREST_RESIN;9995;25;;;;;10005;25;;;;;10000.0;369.0
-1;32300;KELP;2023;25;;;;;2026;25;;;;;2024.5;7.340087890625
-1;32400;RAINFOREST_RESIN;9996;1;9995;30;;;10004;1;10005;30;;;10000.0;369.0
-1;32400;KELP;2023;30;;;;;2026;1;2027;30;;;2024.5;7.1884765625
-1;32500;KELP;2023;21;;;;;2025;5;2027;22;;;2024.0;7.058349609375
-1;32500;RAINFOREST_RESIN;9998;1;9996;1;9995;21;10004;1;10005;21;;;10001.0;369.0
-1;32600;KELP;2023;30;;;;;2027;30;;;;;2025.0;6.99609375
-1;32600;RAINFOREST_RESIN;10002;1;9995;30;;;10005;30;;;;;10003.5;369.0
-1;32700;RAINFOREST_RESIN;9996;2;9995;22;;;10004;2;10005;22;;;10000.0;375.0
-1;32700;KELP;2023;24;;;;;2026;2;2027;22;;;2024.5;9.3525390625
-1;32800;RAINFOREST_RESIN;9996;2;9995;28;;;10004;2;10005;28;;;10000.0;375.0
-1;32800;KELP;2023;30;;;;;2026;2;2027;28;;;2024.5;9.419921875
-1;32900;KELP;2023;29;;;;;2026;2;2027;27;;;2024.5;9.63134765625
-1;32900;RAINFOREST_RESIN;9996;2;9995;27;;;10004;2;10005;27;;;10000.0;389.0
-1;33000;KELP;2025;1;2023;30;;;2026;30;;;;;2025.5;9.96240234375
-1;33000;RAINFOREST_RESIN;9996;2;9995;28;;;10004;2;10005;28;;;10000.0;389.0
-1;33100;RAINFOREST_RESIN;9996;1;9995;28;;;10004;1;10005;28;;;10000.0;389.0
-1;33100;KELP;2023;28;;;;;2025;3;2026;29;;;2024.0;9.927734375
-1;33200;RAINFOREST_RESIN;9996;1;9995;20;;;10002;7;10004;1;10005;20;9999.0;389.0
-1;33200;KELP;2023;20;;;;;2024;10;2026;1;2027;20;2023.5;9.38525390625
-1;33300;KELP;2024;1;2023;20;;;2027;21;;;;;2025.5;8.4248046875
-1;33300;RAINFOREST_RESIN;9996;1;9995;20;;;10004;1;10005;20;;;10000.0;389.0
-1;33400;KELP;2023;32;;;;;2027;32;;;;;2025.0;8.7998046875
-1;33400;RAINFOREST_RESIN;9996;2;9995;30;;;10002;3;10004;2;10005;30;9999.0;389.0
-1;33500;RAINFOREST_RESIN;9996;1;9995;20;;;10004;1;10005;20;;;10000.0;389.0
-1;33500;KELP;2023;21;;;;;2026;21;;;;;2024.5;10.15576171875
-1;33600;RAINFOREST_RESIN;10002;6;9995;27;;;10005;27;;;;;10003.5;391.0
-1;33600;KELP;2023;27;;;;;2026;27;;;;;2024.5;10.35546875
-1;33700;KELP;2023;32;;;;;2026;28;;;;;2024.5;10.66162109375
-1;33700;RAINFOREST_RESIN;9996;1;9995;27;;;10002;1;10004;1;10005;27;9999.0;403.0
-1;33800;KELP;2024;3;2023;31;;;2026;26;;;;;2025.0;11.1259765625
-1;33800;RAINFOREST_RESIN;9996;1;9995;25;;;10004;1;10005;25;;;10000.0;403.0
-1;33900;RAINFOREST_RESIN;9995;24;;;;;10005;24;;;;;10000.0;403.0
-1;33900;KELP;2023;24;;;;;2026;24;;;;;2024.5;10.66162109375
-1;34000;RAINFOREST_RESIN;10002;1;9995;30;;;10005;30;;;;;10003.5;403.0
-1;34000;KELP;2023;29;;;;;2025;8;2026;30;;;2024.0;10.51416015625
-1;34100;KELP;2023;25;;;;;2026;23;;;;;2024.5;10.9287109375
-1;34100;RAINFOREST_RESIN;9996;1;9995;22;;;10004;1;10005;22;;;10000.0;405.0
-1;34200;KELP;2022;23;;;;;2024;1;2026;23;;;2023.0;11.9658203125
-1;34200;RAINFOREST_RESIN;9995;23;;;;;10005;23;;;;;10000.0;411.0
-1;34300;RAINFOREST_RESIN;10002;1;9996;1;9995;22;10004;1;10005;22;;;10003.0;411.0
-1;34300;KELP;2022;23;;;;;2026;23;;;;;2024.0;12.302734375
-1;34400;RAINFOREST_RESIN;9996;2;9995;23;;;10004;2;10005;23;;;10000.0;413.0
-1;34400;KELP;2023;3;2022;25;;;2025;2;2026;23;;;2024.0;12.369140625
-1;34500;KELP;2022;30;;;;;2023;5;2024;1;2026;30;2022.5;12.34521484375
-1;34500;RAINFOREST_RESIN;9995;30;;;;;10005;30;;;;;10000.0;413.0
-1;34600;KELP;2022;29;;;;;2023;1;2026;29;;;2022.5;11.7646484375
-1;34600;RAINFOREST_RESIN;9995;29;;;;;10005;29;;;;;10000.0;413.0
-1;34700;RAINFOREST_RESIN;9998;6;9995;24;;;10005;24;;;;;10001.5;413.0
-1;34700;KELP;2023;24;;;;;2026;24;;;;;2024.5;11.3310546875
-1;34800;RAINFOREST_RESIN;9996;2;9995;23;;;10004;2;10005;23;;;10000.0;413.0
-1;34800;KELP;2023;2;2022;23;;;2026;25;;;;;2024.5;11.626953125
-1;34900;KELP;2023;21;;;;;2026;21;;;;;2024.5;11.2607421875
-1;34900;RAINFOREST_RESIN;9996;1;9995;20;;;10004;1;10005;20;;;10000.0;413.0
-1;35000;RAINFOREST_RESIN;10002;1;9995;20;;;10005;20;;;;;10003.5;413.0
-1;35000;KELP;2025;1;2023;20;;;2026;20;;;;;2025.5;9.6455078125
-1;35100;KELP;2023;31;;;;;2026;31;;;;;2024.5;10.53076171875
-1;35100;RAINFOREST_RESIN;10002;3;9996;2;9995;29;10004;2;10005;29;;;10003.0;415.0
-1;35200;RAINFOREST_RESIN;9996;2;9995;28;;;10002;10;10004;2;10005;28;9999.0;421.0
-1;35200;KELP;2023;33;;;;;2026;30;;;;;2024.5;10.02099609375
-1;35300;KELP;2023;20;;;;;2026;28;;;;;2024.5;11.02490234375
-1;35300;RAINFOREST_RESIN;9998;6;9996;1;9995;27;10004;1;10005;27;;;10001.0;421.0
-1;35400;RAINFOREST_RESIN;10002;3;9995;25;;;10005;25;;;;;10003.5;421.0
-1;35400;KELP;2025;1;2023;27;;;2026;25;;;;;2025.5;11.14892578125
-1;35500;KELP;2023;28;;;;;2026;28;;;;;2024.5;11.029296875
-1;35500;RAINFOREST_RESIN;9996;2;9995;26;;;10004;2;10005;26;;;10000.0;421.0
-1;35600;RAINFOREST_RESIN;9995;26;;;;;10005;26;;;;;10000.0;421.0
-1;35600;KELP;2023;26;;;;;2026;26;;;;;2024.5;11.24609375
-1;35700;KELP;2023;29;;;;;2026;29;;;;;2024.5;10.939453125
-1;35700;RAINFOREST_RESIN;9996;2;9995;27;;;10004;2;10005;27;;;10000.0;421.0
-1;35800;RAINFOREST_RESIN;9998;7;9996;1;9995;30;10004;1;10005;30;;;10001.0;421.0
-1;35800;KELP;2023;29;;;;;2026;31;;;;;2024.5;11.001953125
-1;35900;KELP;2023;2;2022;21;;;2026;23;;;;;2024.5;11.587890625
-1;35900;RAINFOREST_RESIN;9996;2;9995;21;;;10004;2;10005;21;;;10000.0;421.0
-1;36000;RAINFOREST_RESIN;9995;30;;;;;10002;5;10005;30;;;9998.5;421.0
-1;36000;KELP;2022;30;;;;;2024;3;2026;30;;;2023.0;11.5751953125
-1;36100;KELP;2022;26;;;;;2025;2;2026;24;;;2023.5;12.40966796875
-1;36100;RAINFOREST_RESIN;10002;8;9996;2;9995;24;10004;2;10005;24;;;10003.0;421.0
-1;36200;RAINFOREST_RESIN;9996;1;9995;29;;;9998;1;10004;1;10005;29;9997.0;437.0
-1;36200;KELP;2022;30;;;;;2025;1;2026;29;;;2023.5;12.38330078125
-1;36300;KELP;2022;22;;;;;2024;6;2025;22;;;2023.0;12.6669921875
-1;36300;RAINFOREST_RESIN;9996;1;9995;21;;;10004;1;10005;21;;;10000.0;439.0
-1;36400;RAINFOREST_RESIN;9998;1;9996;1;9995;20;10004;1;10005;20;;;10001.0;439.0
-1;36400;KELP;2024;1;2023;3;2022;21;2025;1;2026;20;;;2024.5;12.5458984375
-1;36500;KELP;2022;25;;;;;2023;2;2025;25;;;2022.5;13.064453125
-1;36500;RAINFOREST_RESIN;9995;25;;;;;10005;25;;;;;10000.0;439.0
-1;36600;RAINFOREST_RESIN;9996;1;9995;28;;;10004;1;10005;28;;;10000.0;439.0
-1;36600;KELP;2022;29;;;;;2025;29;;;;;2023.5;12.7373046875
-1;36700;KELP;2021;21;;;;;2025;21;;;;;2023.0;15.38525390625
-1;36700;RAINFOREST_RESIN;9995;21;;;;;10005;21;;;;;10000.0;439.0
-1;36800;RAINFOREST_RESIN;9995;30;;;;;10005;30;;;;;10000.0;439.0
-1;36800;KELP;2021;30;;;;;2025;30;;;;;2023.0;15.15673828125
-1;36900;KELP;2021;27;;;;;2024;27;;;;;2022.5;17.0458984375
-1;36900;RAINFOREST_RESIN;9996;1;9995;26;;;10004;1;10005;26;;;10000.0;439.0
-1;37000;RAINFOREST_RESIN;9996;2;9995;23;;;10004;2;10005;23;;;10000.0;439.0
-1;37000;KELP;2020;25;;;;;2024;25;;;;;2022.0;18.18701171875
-1;37100;KELP;2021;27;;;;;2024;23;;;;;2022.5;16.27685546875
-1;37100;RAINFOREST_RESIN;9996;2;9995;21;;;10004;2;10005;21;;;10000.0;439.0
-1;37200;RAINFOREST_RESIN;9996;1;9995;20;;;10004;1;10005;20;;;10000.0;439.0
-1;37200;KELP;2021;25;;;;;2024;21;;;;;2022.5;16.4609375
-1;37300;KELP;2022;4;2021;28;;;2024;1;2025;27;;;2023.0;15.56494140625
-1;37300;RAINFOREST_RESIN;9996;1;9995;27;;;9998;10;10002;4;10004;1;9997.0;439.0
-1;37400;RAINFOREST_RESIN;10002;1;9998;2;9995;30;10005;30;;;;;10003.5;457.0
-1;37400;KELP;2021;30;;;;;2024;30;;;;;2022.5;15.86279296875
-1;37500;KELP;2020;27;;;;;2024;27;;;;;2022.0;17.99853515625
-1;37500;RAINFOREST_RESIN;9996;2;9995;25;;;10004;2;10005;25;;;10000.0;459.0
-1;37600;KELP;2020;22;;;;;2024;22;;;;;2022.0;19.284912109375
-1;37600;RAINFOREST_RESIN;9995;22;;;;;10002;7;10005;22;;;9998.5;461.0
-1;37700;RAINFOREST_RESIN;9996;1;9995;23;;;10004;1;10005;23;;;10000.0;461.0
-1;37700;KELP;2020;24;;;;;2024;24;;;;;2022.0;19.202880859375
-1;37800;RAINFOREST_RESIN;9995;25;;;;;10005;25;;;;;10000.0;461.0
-1;37800;KELP;2020;24;;;;;2024;25;;;;;2022.0;19.39990234375
-1;37900;KELP;2019;25;;;;;2023;25;;;;;2021.0;21.009033203125
-1;37900;RAINFOREST_RESIN;9995;25;;;;;10005;25;;;;;10000.0;461.0
-1;38000;KELP;2019;32;;;;;2021;4;2023;32;;;2020.0;21.026611328125
-1;38000;RAINFOREST_RESIN;10002;1;9996;2;9995;30;10004;2;10005;30;;;10003.0;461.0
-1;38100;RAINFOREST_RESIN;9996;2;9995;26;;;10002;2;10004;2;10005;26;9999.0;463.0
-1;38100;KELP;2019;28;;;;;2022;2;2023;26;;;2020.5;21.316650390625
-1;38200;RAINFOREST_RESIN;9996;1;9995;27;;;10004;1;10005;27;;;10000.0;463.0
-1;38200;KELP;2019;28;;;;;2023;28;;;;;2021.0;20.802490234375
-1;38300;KELP;2019;26;;;;;2022;26;;;;;2020.5;21.52197265625
-1;38300;RAINFOREST_RESIN;9998;5;9995;26;;;10005;26;;;;;10001.5;463.0
-1;38400;KELP;2019;24;;;;;2020;6;2022;24;;;2019.5;21.60791015625
-1;38400;RAINFOREST_RESIN;9996;1;9995;23;;;10000;6;10004;1;10005;23;9998.0;463.0
-1;38500;RAINFOREST_RESIN;10002;1;9995;21;;;10005;21;;;;;10003.5;463.0
-1;38500;KELP;2019;21;;;;;2022;21;;;;;2020.5;21.884033203125
-1;38600;RAINFOREST_RESIN;9996;2;9995;28;;;10004;2;10005;28;;;10000.0;465.0
-1;38600;KELP;2019;30;;;;;2022;30;;;;;2020.5;21.7783203125
-1;38700;KELP;2019;20;;;;;2022;20;;;;;2020.5;21.69091796875
-1;38700;RAINFOREST_RESIN;9995;20;;;;;10005;20;;;;;10000.0;467.0
-1;38800;KELP;2019;21;;;;;2020;2;2021;1;2022;21;2019.5;21.686279296875
-1;38800;RAINFOREST_RESIN;9996;1;9995;20;;;10002;1;10004;1;10005;20;9999.0;467.0
-1;38900;RAINFOREST_RESIN;9996;2;9995;30;;;10004;2;10005;30;;;10000.0;481.0
-1;38900;KELP;2019;32;;;;;2021;7;2022;2;2023;30;2020.0;21.403564453125
-1;39000;RAINFOREST_RESIN;9995;23;;;;;10002;9;10005;23;;;9998.5;481.0
-1;39000;KELP;2019;23;;;;;2023;23;;;;;2021.0;21.00830078125
-1;39100;KELP;2020;25;;;;;2023;25;;;;;2021.5;20.093505859375
-1;39100;RAINFOREST_RESIN;9998;8;9996;1;9995;24;10004;1;10005;24;;;10001.0;481.0
-1;39200;KELP;2020;30;;;;;2022;2;2023;30;;;2021.0;19.88330078125
-1;39200;RAINFOREST_RESIN;9996;1;9995;29;;;10004;1;10005;29;;;10000.0;481.0
-1;39300;RAINFOREST_RESIN;9995;27;;;;;10005;27;;;;;10000.0;481.0
-1;39300;KELP;2020;27;;;;;2023;27;;;;;2021.5;19.58349609375
-1;39400;RAINFOREST_RESIN;9996;1;9995;30;;;10004;1;10005;30;;;10000.0;481.0
-1;39400;KELP;2020;31;;;;;2022;5;2023;31;;;2021.0;20.27783203125
-1;39500;KELP;2019;27;;;;;2021;3;2022;27;;;2020.0;21.883544921875
-1;39500;RAINFOREST_RESIN;9995;27;;;;;9998;1;10002;2;10005;27;9996.5;483.0
-1;39600;KELP;2021;4;2019;23;;;2023;23;;;;;2022.0;21.218017578125
-1;39600;RAINFOREST_RESIN;9995;23;;;;;10005;23;;;;;10000.0;483.0
-1;39700;RAINFOREST_RESIN;9996;2;9995;22;;;10004;2;10005;22;;;10000.0;483.0
-1;39700;KELP;2019;28;;;;;2022;2;2023;22;;;2020.5;21.3916015625
-1;39800;RAINFOREST_RESIN;9996;1;9995;27;;;10004;1;10005;27;;;10000.0;483.0
-1;39800;KELP;2019;28;;;;;2022;1;2023;27;;;2020.5;21.404296875
-1;39900;KELP;2019;31;;;;;2022;31;;;;;2020.5;21.949951171875
-1;39900;RAINFOREST_RESIN;9996;1;9995;30;;;10002;4;10004;1;10005;30;9999.0;483.0
-1;40000;KELP;2018;22;;;;;2022;22;;;;;2020.0;22.625244140625
-1;40000;RAINFOREST_RESIN;9995;22;;;;;10005;22;;;;;10000.0;483.0
-1;40100;RAINFOREST_RESIN;9996;2;9995;29;;;10002;8;10004;2;10005;29;9999.0;483.0
-1;40100;KELP;2019;31;;;;;2022;31;;;;;2020.5;21.9794921875
-1;40200;RAINFOREST_RESIN;9996;1;9995;28;;;10004;1;10005;28;;;10000.0;483.0
-1;40200;KELP;2019;1;2018;28;;;2022;29;;;;;2020.5;22.659912109375
-1;40300;KELP;2019;22;;;;;2022;22;;;;;2020.5;22.383056640625
-1;40300;RAINFOREST_RESIN;9995;22;;;;;9998;1;10005;22;;;9996.5;483.0
-1;40400;KELP;2018;24;;;;;2022;24;;;;;2020.0;22.878662109375
-1;40400;RAINFOREST_RESIN;9996;1;9995;23;;;10004;1;10005;23;;;10000.0;483.0
-1;40500;RAINFOREST_RESIN;10002;1;9996;2;9995;27;10004;2;10005;27;;;10003.0;483.0
-1;40500;KELP;2019;1;2018;27;;;2022;29;;;;;2020.5;22.73388671875
-1;40600;RAINFOREST_RESIN;9996;2;9995;24;;;10004;2;10005;24;;;10000.0;485.0
-1;40600;KELP;2019;4;2018;26;;;2022;26;;;;;2020.5;23.005126953125
-1;40700;KELP;2018;22;;;;;2021;22;;;;;2019.5;24.13134765625
-1;40700;RAINFOREST_RESIN;9998;7;9996;2;9995;20;10004;2;10005;20;;;10001.0;485.0
-1;40800;KELP;2018;27;;;;;2021;27;;;;;2019.5;23.66650390625
-1;40800;RAINFOREST_RESIN;9995;27;;;;;10005;27;;;;;10000.0;485.0
-1;40900;RAINFOREST_RESIN;9998;10;9996;2;9995;26;10004;2;10005;26;;;10001.0;485.0
-1;40900;KELP;2017;28;;;;;2021;28;;;;;2019.0;24.849853515625
-1;41000;RAINFOREST_RESIN;9995;21;;;;;10002;10;10005;21;;;9998.5;491.0
-1;41000;KELP;2018;20;;;;;2020;3;2021;21;;;2019.0;25.403564453125
-1;41100;KELP;2018;24;;;;;2021;27;;;;;2019.5;25.451416015625
-1;41100;RAINFOREST_RESIN;9995;27;;;;;10005;27;;;;;10000.0;491.0
-1;41200;KELP;2018;29;;;;;2021;29;;;;;2019.5;25.4659423828125
-1;41200;RAINFOREST_RESIN;9995;29;;;;;10005;29;;;;;10000.0;491.0
-1;41300;RAINFOREST_RESIN;9998;2;9996;1;9995;24;10004;1;10005;24;;;10001.0;491.0
-1;41300;KELP;2017;25;;;;;2019;4;2021;25;;;2018.0;25.9947509765625
-1;41400;RAINFOREST_RESIN;9998;5;9996;2;9995;23;10000;4;10004;2;10005;23;9999.0;491.0
-1;41400;KELP;2017;25;;;;;2018;4;2019;5;2020;25;2017.5;26.692626953125
-1;41500;KELP;2017;22;;;;;2019;1;2021;22;;;2018.0;26.0743408203125
-1;41500;RAINFOREST_RESIN;9998;8;9996;2;9995;20;10004;2;10005;20;;;10001.0;491.0
-1;41600;KELP;2017;23;;;;;2019;7;2020;1;2021;22;2018.0;26.14501953125
-1;41600;RAINFOREST_RESIN;9996;1;9995;22;;;10004;1;10005;22;;;10000.0;491.0
-1;41700;RAINFOREST_RESIN;10000;5;9995;21;;;10005;21;;;;;10002.5;491.0
-1;41700;KELP;2019;4;2017;21;;;2021;21;;;;;2020.0;25.959228515625
-1;41800;RAINFOREST_RESIN;9996;2;9995;22;;;10004;2;10005;22;;;10000.0;491.0
-1;41800;KELP;2018;24;;;;;2021;24;;;;;2019.5;25.54150390625
-1;41900;KELP;2018;22;;;;;2020;1;2021;22;;;2019.0;25.4910888671875
-1;41900;RAINFOREST_RESIN;9996;1;9995;21;;;9998;4;10004;1;10005;21;9997.0;491.0
-1;42000;KELP;2018;31;;;;;2020;5;2021;32;;;2019.0;25.3077392578125
-1;42000;RAINFOREST_RESIN;9996;2;9995;30;;;10004;2;10005;30;;;10000.0;491.0
-1;42100;RAINFOREST_RESIN;9998;8;9996;2;9995;21;10004;2;10005;21;;;10001.0;491.0
-1;42100;KELP;2018;23;;;;;2021;2;2022;21;;;2019.5;25.178955078125
-1;42200;RAINFOREST_RESIN;10002;1;9995;28;;;10005;28;;;;;10003.5;491.0
-1;42200;KELP;2018;28;;;;;2022;28;;;;;2020.0;25.13330078125
-1;42300;KELP;2018;20;;;;;2019;7;2020;2;2022;20;2018.5;25.083251953125
-1;42300;RAINFOREST_RESIN;9995;20;;;;;10005;20;;;;;10000.0;493.0
-1;42400;KELP;2019;30;;;;;2022;31;;;;;2020.5;24.729736328125
-1;42400;RAINFOREST_RESIN;9996;2;9995;29;;;10004;2;10005;29;;;10000.0;493.0
-1;42500;RAINFOREST_RESIN;9995;24;;;;;10002;3;10005;24;;;9998.5;493.0
-1;42500;KELP;2019;24;;;;;2022;24;;;;;2020.5;24.75732421875
-1;42600;RAINFOREST_RESIN;9995;26;;;;;10005;26;;;;;10000.0;509.0
-1;42600;KELP;2019;26;;;;;2022;26;;;;;2020.5;24.658447265625
-1;42700;KELP;2018;26;;;;;2022;26;;;;;2020.0;24.9840087890625
-1;42700;RAINFOREST_RESIN;9995;26;;;;;10005;26;;;;;10000.0;513.0
-1;42800;KELP;2019;30;;;;;2022;30;;;;;2020.5;24.740478515625
-1;42800;RAINFOREST_RESIN;9995;30;;;;;10005;30;;;;;10000.0;513.0
-1;42900;RAINFOREST_RESIN;9995;25;;;;;10005;25;;;;;10000.0;513.0
-1;42900;KELP;2019;25;;;;;2022;25;;;;;2020.5;24.510009765625
-1;43000;RAINFOREST_RESIN;9995;23;;;;;10005;23;;;;;10000.0;517.0
-1;43000;KELP;2020;2;2019;23;;;2023;23;;;;;2021.5;24.0230712890625
-1;43100;KELP;2020;21;;;;;2023;21;;;;;2021.5;23.665283203125
-1;43100;RAINFOREST_RESIN;9995;21;;;;;10005;21;;;;;10000.0;517.0
-1;43200;KELP;2019;21;;;;;2023;21;;;;;2021.0;23.9150390625
-1;43200;RAINFOREST_RESIN;9996;1;9995;20;;;10004;1;10005;20;;;10000.0;517.0
-1;43300;RAINFOREST_RESIN;9996;1;9995;24;;;10004;1;10005;24;;;10000.0;517.0
-1;43300;KELP;2019;25;;;;;2021;2;2023;25;;;2020.0;23.920654296875
-1;43400;RAINFOREST_RESIN;9996;2;9995;22;;;10004;2;10005;22;;;10000.0;517.0
-1;43400;KELP;2021;4;2020;24;;;2023;24;;;;;2022.0;23.7781982421875
-1;43500;KELP;2020;22;;;;;2022;7;2023;23;;;2021.0;23.7069091796875
-1;43500;RAINFOREST_RESIN;9998;7;9995;23;;;10005;23;;;;;10001.5;517.0
-1;43600;KELP;2020;5;2019;21;;;2023;23;;;;;2021.5;23.8331298828125
-1;43600;RAINFOREST_RESIN;9996;2;9995;21;;;10002;9;10004;2;10005;21;9999.0;517.0
-1;43700;KELP;2020;24;;;;;2023;24;;;;;2021.5;23.740478515625
-1;43700;RAINFOREST_RESIN;9996;1;9995;23;;;10004;1;10005;23;;;10000.0;517.0
-1;43800;RAINFOREST_RESIN;9996;2;9995;26;;;10004;2;10005;26;;;10000.0;517.0
-1;43800;KELP;2020;35;;;;;2023;28;;;;;2021.5;23.5888671875
-1;43900;KELP;2020;36;;;;;2023;30;;;;;2021.5;23.7720947265625
-1;43900;RAINFOREST_RESIN;10002;4;9998;2;9996;1;10004;1;10005;29;;;10003.0;517.0
-1;44000;RAINFOREST_RESIN;9996;2;9995;20;;;10004;2;10005;20;;;10000.0;525.0
-1;44000;KELP;2020;22;;;;;2022;3;2023;22;;;2021.0;23.574951171875
-1;44100;KELP;2019;24;;;;;2023;24;;;;;2021.0;24.0660400390625
-1;44100;RAINFOREST_RESIN;9995;24;;;;;9998;1;10002;2;10005;24;9996.5;525.0
-1;44200;RAINFOREST_RESIN;9995;21;;;;;10005;21;;;;;10000.0;527.0
-1;44200;KELP;2019;21;;;;;2023;21;;;;;2021.0;24.1141357421875
-1;44300;KELP;2019;27;;;;;2023;27;;;;;2021.0;24.045166015625
-1;44300;RAINFOREST_RESIN;9995;27;;;;;10005;27;;;;;10000.0;527.0
-1;44400;RAINFOREST_RESIN;9998;7;9995;28;;;10005;28;;;;;10001.5;527.0
-1;44400;KELP;2018;28;;;;;2022;28;;;;;2020.0;24.86474609375
-1;44500;KELP;2021;1;2019;2;2018;21;2022;21;;;;;2021.5;24.822265625
-1;44500;RAINFOREST_RESIN;9995;21;;;;;10005;21;;;;;10000.0;527.0
-1;44600;RAINFOREST_RESIN;9996;1;9995;23;;;10004;1;10005;23;;;10000.0;527.0
-1;44600;KELP;2019;24;;;;;2022;24;;;;;2020.5;24.6417236328125
-1;44700;KELP;2019;29;;;;;2022;29;;;;;2020.5;24.6883544921875
-1;44700;RAINFOREST_RESIN;9995;29;;;;;10002;10;10005;29;;;9998.5;527.0
-1;44800;RAINFOREST_RESIN;9995;29;;;;;9998;1;10002;10;10005;29;9996.5;527.0
-1;44800;KELP;2018;29;;;;;2022;29;;;;;2020.0;24.88916015625
-1;44900;KELP;2019;1;2018;26;;;2022;26;;;;;2020.5;24.962646484375
-1;44900;RAINFOREST_RESIN;9996;1;9995;25;;;10004;1;10005;25;;;10000.0;527.0
-1;45000;RAINFOREST_RESIN;10002;1;9996;2;9995;24;10004;2;10005;24;;;10003.0;527.0
-1;45000;KELP;2018;26;;;;;2022;26;;;;;2020.0;24.9429931640625
-1;45100;KELP;2019;27;;;;;2021;5;2022;27;;;2020.0;24.725830078125
-1;45100;RAINFOREST_RESIN;9996;1;9995;26;;;10004;1;10005;26;;;10000.0;529.0
-1;45200;RAINFOREST_RESIN;9996;1;9995;28;;;10004;1;10005;28;;;10000.0;529.0
-1;45200;KELP;2019;29;;;;;2021;6;2022;29;;;2020.0;24.770751953125
-1;45300;KELP;2018;26;;;;;2021;22;;;;;2019.5;25.272705078125
-1;45300;RAINFOREST_RESIN;9995;22;;;;;10005;22;;;;;10000.0;529.0
-1;45400;RAINFOREST_RESIN;9996;2;9995;21;;;9998;1;10004;2;10005;21;9997.0;529.0
-1;45400;KELP;2018;22;;;;;2020;2;2021;23;;;2019.0;25.57373046875
-1;45500;KELP;2018;25;;;;;2019;3;2021;25;;;2018.5;25.487060546875
-1;45500;RAINFOREST_RESIN;9996;1;9995;24;;;10000;3;10004;1;10005;24;9998.0;529.0
-1;45600;RAINFOREST_RESIN;9995;26;;;;;10002;5;10005;26;;;9998.5;529.0
-1;45600;KELP;2018;33;;;;;2021;26;;;;;2019.5;25.388671875
-1;45700;KELP;2018;24;;;;;2021;24;;;;;2019.5;25.375244140625
-1;45700;RAINFOREST_RESIN;9995;24;;;;;10005;24;;;;;10000.0;529.0
-1;45800;RAINFOREST_RESIN;9996;1;9995;27;;;10004;1;10005;27;;;10000.0;529.0
-1;45800;KELP;2018;27;;;;;2021;28;;;;;2019.5;25.3111572265625
-1;45900;KELP;2019;4;2018;31;;;2022;31;;;;;2020.5;25.036376953125
-1;45900;RAINFOREST_RESIN;9996;1;9995;30;;;10004;1;10005;30;;;10000.0;529.0
-1;46000;RAINFOREST_RESIN;9996;2;9995;24;;;10004;2;10005;24;;;10000.0;531.0
-1;46000;KELP;2019;2;2018;24;;;2022;26;;;;;2020.5;24.7989501953125
-1;46100;KELP;2019;25;;;;;2022;25;;;;;2020.5;24.7156982421875
-1;46100;RAINFOREST_RESIN;9998;6;9996;2;9995;23;10004;2;10005;23;;;10001.0;531.0
-1;46200;RAINFOREST_RESIN;9998;2;9996;1;9995;27;10004;1;10005;27;;;10001.0;531.0
-1;46200;KELP;2018;28;;;;;2021;1;2022;27;;;2019.5;25.1405029296875
-1;46300;KELP;2018;29;;;;;2021;29;;;;;2019.5;25.382080078125
-1;46300;RAINFOREST_RESIN;9996;2;9995;27;;;10004;2;10005;27;;;10000.0;531.0
-1;46400;RAINFOREST_RESIN;9995;22;;;;;10005;22;;;;;10000.0;531.0
-1;46400;KELP;2018;22;;;;;2022;22;;;;;2020.0;25.1650390625
-1;46500;KELP;2019;6;2018;31;;;2021;31;;;;;2020.0;25.2220458984375
-1;46500;RAINFOREST_RESIN;10000;6;9996;1;9995;30;10004;1;10005;30;;;10002.0;531.0
-1;46600;KELP;2019;3;2018;28;;;2021;1;2022;27;;;2020.0;25.1329345703125
-1;46600;RAINFOREST_RESIN;9998;10;9996;1;9995;27;10004;1;10005;27;;;10001.0;531.0
-1;46700;RAINFOREST_RESIN;9995;26;;;;;10005;26;;;;;10000.0;531.0
-1;46700;KELP;2019;26;;;;;2022;26;;;;;2020.5;24.7537841796875
-1;46800;RAINFOREST_RESIN;9996;1;9995;21;;;10004;1;10005;21;;;10000.0;531.0
-1;46800;KELP;2019;22;;;;;2022;22;;;;;2020.5;24.5057373046875
-1;46900;KELP;2021;1;2019;32;;;2022;32;;;;;2021.5;24.7275390625
-1;46900;RAINFOREST_RESIN;9996;2;9995;30;;;10004;2;10005;30;;;10000.0;531.0
-1;47000;KELP;2019;21;;;;;2022;21;;;;;2020.5;24.6534423828125
-1;47000;RAINFOREST_RESIN;9996;1;9995;20;;;10004;1;10005;20;;;10000.0;531.0
-1;47100;RAINFOREST_RESIN;9996;2;9995;24;;;9998;1;10004;2;10005;24;9997.0;531.0
-1;47100;KELP;2019;22;;;;;2022;26;;;;;2020.5;24.7265625
-1;47200;RAINFOREST_RESIN;10002;1;9996;2;9995;28;10004;2;10005;28;;;10003.0;531.0
-1;47200;KELP;2019;30;;;;;2022;30;;;;;2020.5;24.6988525390625
-1;47300;KELP;2019;25;;;;;2021;1;2022;25;;;2020.0;24.619140625
-1;47300;RAINFOREST_RESIN;10002;1;9998;3;9995;25;10005;25;;;;;10003.5;533.0
-1;47400;KELP;2019;25;;;;;2022;24;;;;;2020.5;24.4239501953125
-1;47400;RAINFOREST_RESIN;9995;24;;;;;10002;9;10005;24;;;9998.5;535.0
-1;47500;RAINFOREST_RESIN;9995;30;;;;;10002;1;10005;30;;;9998.5;535.0
-1;47500;KELP;2019;30;;;;;2021;6;2022;30;;;2020.0;24.4462890625
-1;47600;RAINFOREST_RESIN;9996;1;9995;27;;;10004;1;10005;27;;;10000.0;535.0
-1;47600;KELP;2019;28;;;;;2022;28;;;;;2020.5;24.2733154296875
-1;47700;KELP;2019;23;;;;;2022;23;;;;;2020.5;24.2333984375
-1;47700;RAINFOREST_RESIN;9996;1;9995;22;;;10002;8;10004;1;10005;22;9999.0;535.0
-1;47800;KELP;2019;23;;;;;2022;1;2023;22;;;2020.5;24.181884765625
-1;47800;RAINFOREST_RESIN;9996;1;9995;22;;;10002;8;10004;1;10005;22;9999.0;535.0
-1;47900;RAINFOREST_RESIN;10002;1;9995;27;;;10005;27;;;;;10003.5;535.0
-1;47900;KELP;2019;27;;;;;2023;27;;;;;2021.0;24.1646728515625
-1;48000;RAINFOREST_RESIN;9995;27;;;;;10005;27;;;;;10000.0;537.0
-1;48000;KELP;2019;27;;;;;2023;27;;;;;2021.0;24.18359375
-1;48100;KELP;2019;22;;;;;2022;21;;;;;2020.5;24.3638916015625
-1;48100;RAINFOREST_RESIN;9995;21;;;;;10002;9;10005;21;;;9998.5;537.0
-1;48200;KELP;2019;25;;;;;2022;25;;;;;2020.5;24.419189453125
-1;48200;RAINFOREST_RESIN;9998;5;9995;25;;;10005;25;;;;;10001.5;541.0
-1;48300;RAINFOREST_RESIN;9996;1;9995;28;;;9998;1;10000;5;10004;1;9997.0;541.0
-1;48300;KELP;2018;29;;;;;2019;5;2022;29;;;2018.5;25.087890625
-1;48400;RAINFOREST_RESIN;9995;27;;;;;10002;7;10005;27;;;9998.5;543.0
-1;48400;KELP;2019;1;2018;27;;;2022;27;;;;;2020.5;24.95361328125
-1;48500;KELP;2019;1;2018;29;;;2022;29;;;;;2020.5;25.005859375
-1;48500;RAINFOREST_RESIN;9995;29;;;;;9998;1;10005;29;;;9996.5;543.0
-1;48600;KELP;2019;1;2018;29;;;2022;29;;;;;2020.5;24.9881591796875
-1;48600;RAINFOREST_RESIN;9996;1;9995;28;;;10004;1;10005;28;;;10000.0;543.0
-1;48700;RAINFOREST_RESIN;9996;1;9995;22;;;10004;1;10005;22;;;10000.0;546.0
-1;48700;KELP;2018;23;;;;;2022;23;;;;;2020.0;25.05224609375
-1;48800;RAINFOREST_RESIN;9996;1;9995;23;;;10004;1;10005;23;;;10000.0;546.0
-1;48800;KELP;2019;29;;;;;2022;24;;;;;2020.5;24.7576904296875
-1;48900;KELP;2019;34;;;;;2022;27;;;;;2020.5;24.64404296875
-1;48900;RAINFOREST_RESIN;9995;27;;;;;10005;27;;;;;10000.0;546.0
-1;49000;KELP;2019;39;;;;;2022;32;;;;;2020.5;24.734619140625
-1;49000;RAINFOREST_RESIN;9996;2;9995;30;;;10004;2;10005;30;;;10000.0;546.0
-1;49100;RAINFOREST_RESIN;9996;2;9995;30;;;10004;2;10005;30;;;10000.0;546.0
-1;49100;KELP;2019;40;;;;;2022;32;;;;;2020.5;24.4569091796875
-1;49200;RAINFOREST_RESIN;9996;1;9995;20;;;10004;1;10005;20;;;10000.0;546.0
-1;49200;KELP;2019;21;;;;;2022;21;;;;;2020.5;24.6796875
-1;49300;KELP;2019;21;;;;;2022;22;;;;;2020.5;24.5556640625
-1;49300;RAINFOREST_RESIN;9998;9;9996;1;9995;21;10004;1;10005;21;;;10001.0;546.0
-1;49400;KELP;2021;9;2020;5;2019;20;2022;20;;;;;2021.5;24.6915283203125
-1;49400;RAINFOREST_RESIN;9995;20;;;;;10005;20;;;;;10000.0;546.0
-1;49500;RAINFOREST_RESIN;9996;2;9995;30;;;10004;2;10005;30;;;10000.0;546.0
-1;49500;KELP;2019;40;;;;;2022;32;;;;;2020.5;24.5079345703125
-1;49600;RAINFOREST_RESIN;9995;24;;;;;10005;24;;;;;10000.0;546.0
-1;49600;KELP;2021;1;2019;24;;;2022;24;;;;;2021.5;24.3431396484375
-1;49700;KELP;2019;28;;;;;2022;28;;;;;2020.5;24.3922119140625
-1;49700;RAINFOREST_RESIN;9998;7;9996;2;9995;26;10004;2;10005;26;;;10001.0;546.0
-1;49800;KELP;2019;25;;;;;2020;5;2023;25;;;2019.5;23.9312744140625
-1;49800;RAINFOREST_RESIN;9996;2;9995;23;;;10004;2;10005;23;;;10000.0;546.0
-1;49900;RAINFOREST_RESIN;9998;3;9995;23;;;10005;23;;;;;10001.5;546.0
-1;49900;KELP;2019;23;;;;;2023;23;;;;;2021.0;24.0423583984375
-1;50000;RAINFOREST_RESIN;9996;1;9995;20;;;10004;1;10005;20;;;10000.0;548.0
-1;50000;KELP;2019;21;;;;;2022;1;2023;20;;;2020.5;26.447265625
-1;50100;KELP;2019;24;;;;;2021;2;2022;24;;;2020.0;26.833984375
-1;50100;RAINFOREST_RESIN;9995;24;;;;;10005;24;;;;;10000.0;548.0
-1;50200;KELP;2019;24;;;;;2023;24;;;;;2021.0;25.9248046875
-1;50200;RAINFOREST_RESIN;9995;24;;;;;10005;24;;;;;10000.0;548.0
-1;50300;RAINFOREST_RESIN;9995;30;;;;;10002;10;10005;30;;;9998.5;548.0
-1;50300;KELP;2019;30;;;;;2023;30;;;;;2021.0;25.646484375
-1;50400;RAINFOREST_RESIN;9998;4;9996;1;9995;22;10000;2;10004;1;10005;22;9999.0;548.0
-1;50400;KELP;2019;23;;;;;2021;3;2023;23;;;2020.0;25.703125
-1;50500;KELP;2019;25;;;;;2023;25;;;;;2021.0;25.8056640625
-1;50500;RAINFOREST_RESIN;9996;2;9995;23;;;10004;2;10005;23;;;10000.0;548.0
-1;50600;KELP;2019;21;;;;;2020;6;2023;23;;;2019.5;25.5732421875
-1;50600;RAINFOREST_RESIN;10002;1;9996;2;9995;21;10004;2;10005;21;;;10003.0;548.0
-1;50700;RAINFOREST_RESIN;9996;2;9995;22;;;10004;2;10005;22;;;10000.0;552.0
-1;50700;KELP;2020;24;;;;;2023;24;;;;;2021.5;25.353515625
-1;50800;RAINFOREST_RESIN;10002;5;9996;2;9995;22;10004;2;10005;22;;;10003.0;552.0
-1;50800;KELP;2022;1;2020;24;;;2023;24;;;;;2022.5;24.93310546875
-1;50900;KELP;2020;28;;;;;2022;4;2023;28;;;2021.0;24.744140625
-1;50900;RAINFOREST_RESIN;9996;1;9995;27;;;10004;1;10005;27;;;10000.0;562.0
-1;51000;KELP;2020;28;;;;;2023;28;;;;;2021.5;25.01220703125
-1;51000;RAINFOREST_RESIN;9996;2;9995;26;;;10004;2;10005;26;;;10000.0;562.0
-1;51100;RAINFOREST_RESIN;9998;6;9996;1;9995;25;10004;1;10005;25;;;10001.0;562.0
-1;51100;KELP;2020;26;;;;;2023;26;;;;;2021.5;24.4375
-1;51200;RAINFOREST_RESIN;9996;2;9995;28;;;10004;2;10005;28;;;10000.0;562.0
-1;51200;KELP;2020;30;;;;;2023;30;;;;;2021.5;24.806640625
-1;51300;KELP;2020;25;;;;;2023;25;;;;;2021.5;23.759765625
-1;51300;RAINFOREST_RESIN;9996;1;9995;24;;;10004;1;10005;24;;;10000.0;562.0
-1;51400;KELP;2020;30;;;;;2023;30;;;;;2021.5;24.3642578125
-1;51400;RAINFOREST_RESIN;9995;30;;;;;10002;3;10005;30;;;9998.5;562.0
-1;51500;RAINFOREST_RESIN;9995;30;;;;;10005;30;;;;;10000.0;562.0
-1;51500;KELP;2022;1;2020;30;;;2023;30;;;;;2022.5;24.43359375
-1;51600;RAINFOREST_RESIN;10000;5;9996;2;9995;22;10002;1;10004;2;10005;22;10001.0;562.0
-1;51600;KELP;2021;5;2020;24;;;2023;24;;;;;2022.0;24.28564453125
-1;51700;KELP;2020;16;;;;;2023;20;;;;;2021.5;24.744140625
-1;51700;RAINFOREST_RESIN;9995;20;;;;;10005;20;;;;;10000.0;564.0
-1;51800;KELP;2020;1;2019;24;;;2023;25;;;;;2021.5;25.38525390625
-1;51800;RAINFOREST_RESIN;9996;1;9995;24;;;10004;1;10005;24;;;10000.0;578.0
-1;51900;RAINFOREST_RESIN;9996;1;9995;23;;;10004;1;10005;23;;;10000.0;578.0
-1;51900;KELP;2021;4;2019;24;;;2023;24;;;;;2022.0;25.9638671875
-1;52000;RAINFOREST_RESIN;9998;3;9995;29;;;10005;29;;;;;10001.5;588.0
-1;52000;KELP;2019;29;;;;;2021;6;2023;29;;;2020.0;25.6318359375
-1;52100;KELP;2019;21;;;;;2023;21;;;;;2021.0;25.57080078125
-1;52100;RAINFOREST_RESIN;9995;21;;;;;10005;21;;;;;10000.0;588.0
-1;52200;KELP;2019;31;;;;;2023;31;;;;;2021.0;26.08544921875
-1;52200;RAINFOREST_RESIN;9996;2;9995;29;;;10004;2;10005;29;;;10000.0;604.0
-1;52300;RAINFOREST_RESIN;10002;1;9996;1;9995;27;10004;1;10005;27;;;10003.0;604.0
-1;52300;KELP;2022;1;2019;28;;;2023;28;;;;;2022.5;25.78759765625
-1;52400;RAINFOREST_RESIN;9998;3;9996;1;9995;29;10004;1;10005;29;;;10001.0;606.0
-1;52400;KELP;2020;30;;;;;2023;30;;;;;2021.5;24.474609375
-1;52500;KELP;2022;1;2020;28;;;2023;28;;;;;2022.5;24.638671875
-1;52500;RAINFOREST_RESIN;9996;1;9995;27;;;9998;1;10004;1;10005;27;9997.0;606.0
-1;52600;RAINFOREST_RESIN;9998;1;9996;1;9995;22;10000;4;10004;1;10005;22;9999.0;608.0
-1;52600;KELP;2020;1;2019;22;;;2021;4;2023;23;;;2020.5;25.66064453125
-1;52700;KELP;2019;26;;;;;2023;27;;;;;2021.0;26.1220703125
-1;52700;RAINFOREST_RESIN;9996;2;9995;25;;;10004;2;10005;25;;;10000.0;608.0
-1;52800;RAINFOREST_RESIN;9995;26;;;;;10005;26;;;;;10000.0;608.0
-1;52800;KELP;2019;26;;;;;2023;26;;;;;2021.0;25.3857421875
-1;52900;KELP;2020;30;;;;;2023;30;;;;;2021.5;25.28759765625
-1;52900;RAINFOREST_RESIN;9995;30;;;;;10005;30;;;;;10000.0;608.0
-1;53000;RAINFOREST_RESIN;10002;1;9996;1;9995;20;10004;1;10005;20;;;10003.0;620.0
-1;53000;KELP;2020;21;;;;;2023;21;;;;;2021.5;24.806640625
-1;53100;KELP;2019;24;;;;;2023;24;;;;;2021.0;25.85791015625
-1;53100;RAINFOREST_RESIN;9995;24;;;;;10005;24;;;;;10000.0;622.0
-1;53200;RAINFOREST_RESIN;9996;1;9995;30;;;10004;1;10005;30;;;10000.0;622.0
-1;53200;KELP;2022;1;2019;31;;;2023;31;;;;;2022.5;25.72509765625
-1;53300;KELP;2020;29;;;;;2023;29;;;;;2021.5;25.26123046875
-1;53300;RAINFOREST_RESIN;9995;29;;;;;10005;29;;;;;10000.0;622.0
-1;53400;RAINFOREST_RESIN;9998;6;9996;2;9995;23;10004;2;10005;23;;;10001.0;622.0
-1;53400;KELP;2020;25;;;;;2023;25;;;;;2021.5;24.5927734375
-1;53500;KELP;2020;23;;;;;2023;23;;;;;2021.5;24.9443359375
-1;53500;RAINFOREST_RESIN;9996;2;9995;21;;;10002;1;10004;2;10005;21;9999.0;622.0
-1;53600;RAINFOREST_RESIN;9995;24;;;;;9998;9;10005;24;;;9996.5;622.0
-1;53600;KELP;2020;24;;;;;2023;24;;;;;2021.5;25.30078125
-1;53700;KELP;2019;30;;;;;2023;30;;;;;2021.0;25.650390625
-1;53700;RAINFOREST_RESIN;9998;1;9995;30;;;10005;30;;;;;10001.5;640.0
-1;53800;RAINFOREST_RESIN;10002;3;9995;30;;;10005;30;;;;;10003.5;640.0
-1;53800;KELP;2019;30;;;;;2023;30;;;;;2021.0;25.71240234375
-1;53900;KELP;2019;27;;;;;2023;27;;;;;2021.0;25.8935546875
-1;53900;RAINFOREST_RESIN;9996;2;9995;25;;;10004;2;10005;25;;;10000.0;646.0
-1;54000;RAINFOREST_RESIN;9998;6;9996;1;9995;30;10004;1;10005;30;;;10001.0;650.0
-1;54000;KELP;2020;31;;;;;2022;1;2023;31;;;2021.0;26.0361328125
-1;54100;KELP;2020;24;;;;;2022;2;2023;24;;;2021.0;26.2353515625
-1;54100;RAINFOREST_RESIN;9998;2;9996;2;9995;22;10004;2;10005;22;;;10001.0;650.0
-1;54200;RAINFOREST_RESIN;9995;28;;;;;10005;28;;;;;10000.0;650.0
-1;54200;KELP;2020;28;;;;;2023;28;;;;;2021.5;26.375
-1;54300;KELP;2022;1;2019;25;;;2023;25;;;;;2022.5;28.0400390625
-1;54300;RAINFOREST_RESIN;9996;2;9995;23;;;10004;2;10005;23;;;10000.0;650.0
-1;54400;RAINFOREST_RESIN;9995;29;;;;;10005;29;;;;;10000.0;658.0
-1;54400;KELP;2019;29;;;;;2022;29;;;;;2020.5;29.19921875
-1;54500;KELP;2019;21;;;;;2022;21;;;;;2020.5;29.6806640625
-1;54500;RAINFOREST_RESIN;9996;1;9995;20;;;10004;1;10005;20;;;10000.0;658.0
-1;54600;RAINFOREST_RESIN;10002;3;9995;27;;;10005;27;;;;;10003.5;658.0
-1;54600;KELP;2019;27;;;;;2023;27;;;;;2021.0;29.0302734375
-1;54700;KELP;2019;29;;;;;2020;4;2022;29;;;2019.5;29.220703125
-1;54700;RAINFOREST_RESIN;9996;2;9995;27;;;10004;2;10005;27;;;10000.0;664.0
-1;54800;RAINFOREST_RESIN;9998;8;9995;27;;;10005;27;;;;;10001.5;664.0
-1;54800;KELP;2019;27;;;;;2021;1;2022;27;;;2020.0;29.3896484375
-1;54900;KELP;2019;29;;;;;2022;29;;;;;2020.5;29.650390625
-1;54900;RAINFOREST_RESIN;9996;1;9995;28;;;10002;3;10004;1;10005;28;9999.0;664.0
-1;55000;RAINFOREST_RESIN;9996;2;9995;28;;;10002;8;10004;2;10005;28;9999.0;664.0
-1;55000;KELP;2019;36;;;;;2022;30;;;;;2020.5;30.765625
-1;55100;KELP;2019;37;;;;;2022;29;;;;;2020.5;31.53125
-1;55100;RAINFOREST_RESIN;9995;29;;;;;10005;29;;;;;10000.0;664.0
-1;55200;RAINFOREST_RESIN;9996;2;9995;21;;;10004;2;10005;21;;;10000.0;668.0
-1;55200;KELP;2018;21;;;;;2019;3;2020;8;2022;23;2018.5;32.197265625
-1;55300;RAINFOREST_RESIN;9996;2;9995;27;;;9998;1;10002;2;10004;2;9997.0;668.0
-1;55300;KELP;2018;29;;;;;2022;29;;;;;2020.0;32.65625
-1;55400;RAINFOREST_RESIN;9998;3;9996;1;9995;21;10004;1;10005;21;;;10001.0;670.0
-1;55400;KELP;2019;2;2018;22;;;2022;22;;;;;2020.5;32.50390625
-1;55500;KELP;2021;1;2019;4;2018;25;2022;25;;;;;2021.5;32.130859375
-1;55500;RAINFOREST_RESIN;9995;25;;;;;10002;9;10005;25;;;9998.5;670.0
-1;55600;KELP;2019;3;2018;26;;;2022;26;;;;;2020.5;32.37890625
-1;55600;RAINFOREST_RESIN;9995;26;;;;;10005;26;;;;;10000.0;670.0
-1;55700;RAINFOREST_RESIN;9996;2;9995;21;;;10004;2;10005;21;;;10000.0;670.0
-1;55700;KELP;2019;25;;;;;2022;23;;;;;2020.5;31.9287109375
-1;55800;RAINFOREST_RESIN;9998;6;9996;1;9995;26;10004;1;10005;26;;;10001.0;672.0
-1;55800;KELP;2018;27;;;;;2022;27;;;;;2020.0;32.486328125
-1;55900;KELP;2018;22;;;;;2022;22;;;;;2020.0;33.4208984375
-1;55900;RAINFOREST_RESIN;9995;22;;;;;10005;22;;;;;10000.0;672.0
-1;56000;KELP;2018;24;;;;;2019;3;2021;2;2022;22;2018.5;33.8701171875
-1;56000;RAINFOREST_RESIN;9996;2;9995;22;;;10002;10;10004;2;10005;22;9999.0;672.0
-1;56100;RAINFOREST_RESIN;9996;2;9995;20;;;10004;2;10005;20;;;10000.0;672.0
-1;56100;KELP;2019;22;;;;;2022;22;;;;;2020.5;31.34765625
-1;56200;RAINFOREST_RESIN;9996;1;9995;29;;;10004;1;10005;29;;;10000.0;672.0
-1;56200;KELP;2020;2;2018;30;;;2022;30;;;;;2021.0;32.490234375
-1;56300;KELP;2019;6;2018;27;;;2022;27;;;;;2020.5;32.62109375
-1;56300;RAINFOREST_RESIN;10002;1;9996;2;9995;25;10004;2;10005;25;;;10003.0;672.0
-1;56400;KELP;2018;31;;;;;2022;31;;;;;2020.0;32.828125
-1;56400;RAINFOREST_RESIN;9996;1;9995;30;;;10004;1;10005;30;;;10000.0;674.0
-1;56500;RAINFOREST_RESIN;9996;2;9995;27;;;10004;2;10005;27;;;10000.0;674.0
-1;56500;KELP;2018;29;;;;;2022;29;;;;;2020.0;32.97265625
-1;56600;RAINFOREST_RESIN;9996;2;9995;29;;;10002;4;10004;2;10005;29;9999.0;674.0
-1;56600;KELP;2019;2;2018;29;;;2022;31;;;;;2020.5;32.224609375
-1;56700;KELP;2020;6;2018;26;;;2022;26;;;;;2021.0;33.2265625
-1;56700;RAINFOREST_RESIN;9998;3;9996;2;9995;24;10000;2;10004;2;10005;24;9999.0;674.0
-1;56800;KELP;2018;24;;;;;2021;2;2022;22;;;2019.5;33.7509765625
-1;56800;RAINFOREST_RESIN;10002;1;9998;10;9996;2;10004;2;10005;22;;;10003.0;674.0
-1;56900;RAINFOREST_RESIN;9996;2;9995;20;;;10004;2;10005;20;;;10000.0;676.0
-1;56900;KELP;2018;24;;;;;2021;22;;;;;2019.5;34.943359375
-1;57000;RAINFOREST_RESIN;9996;1;9995;27;;;10004;1;10005;27;;;10000.0;676.0
-1;57000;KELP;2018;28;;;;;2020;8;2021;28;;;2019.0;36.60546875
-1;57100;KELP;2017;27;;;;;2020;27;;;;;2018.5;39.2548828125
-1;57100;RAINFOREST_RESIN;9996;2;9995;25;;;10004;2;10005;25;;;10000.0;676.0
-1;57200;KELP;2019;1;2017;27;;;2020;27;;;;;2019.5;40.037109375
-1;57200;RAINFOREST_RESIN;10002;2;9996;1;9995;26;10004;1;10005;26;;;10003.0;676.0
-1;57300;RAINFOREST_RESIN;9996;1;9995;26;;;10002;9;10004;1;10005;26;9999.0;680.0
-1;57300;KELP;2017;27;;;;;2020;27;;;;;2018.5;39.5263671875
-1;57400;RAINFOREST_RESIN;9995;24;;;;;10005;24;;;;;10000.0;680.0
-1;57400;KELP;2017;24;;;;;2019;2;2020;24;;;2018.0;39.99609375
-1;57500;KELP;2019;5;2017;30;;;2020;25;;;;;2019.5;39.9150390625
-1;57500;RAINFOREST_RESIN;9998;5;9996;2;9995;23;10004;2;10005;23;;;10001.0;680.0
-1;57600;KELP;2017;24;;;;;2020;24;;;;;2018.5;39.5341796875
-1;57600;RAINFOREST_RESIN;9995;24;;;;;10005;24;;;;;10000.0;680.0
-1;57700;RAINFOREST_RESIN;9995;29;;;;;10005;29;;;;;10000.0;680.0
-1;57700;KELP;2017;29;;;;;2020;29;;;;;2018.5;39.61328125
-1;57800;RAINFOREST_RESIN;9998;1;9996;2;9995;29;10004;2;10005;29;;;10001.0;680.0
-1;57800;KELP;2017;31;;;;;2020;2;2021;29;;;2018.5;38.583984375
-1;57900;KELP;2017;27;;;;;2018;6;2019;5;2020;2;2017.5;38.94140625
-1;57900;RAINFOREST_RESIN;9996;2;9995;25;;;9998;1;10000;6;10004;2;9997.0;680.0
-1;58000;KELP;2017;29;;;;;2020;1;2021;24;;;2018.5;39.0107421875
-1;58000;RAINFOREST_RESIN;9996;1;9995;24;;;9998;4;10004;1;10005;24;9997.0;682.0
-1;58100;RAINFOREST_RESIN;9995;23;;;;;10005;23;;;;;10000.0;690.0
-1;58100;KELP;2017;23;;;;;2020;23;;;;;2018.5;40.548828125
-1;58200;RAINFOREST_RESIN;9996;1;9995;30;;;10004;1;10005;30;;;10000.0;696.0
-1;58200;KELP;2017;31;;;;;2020;31;;;;;2018.5;40.236328125
-1;58300;KELP;2017;29;;;;;2020;29;;;;;2018.5;40.478515625
-1;58300;RAINFOREST_RESIN;9995;29;;;;;10005;29;;;;;10000.0;696.0
-1;58400;KELP;2016;23;;;;;2018;1;2019;23;;;2017.0;45.95703125
-1;58400;RAINFOREST_RESIN;9996;2;9995;21;;;10004;2;10005;21;;;10000.0;696.0
-1;58500;RAINFOREST_RESIN;9995;21;;;;;10002;1;10005;21;;;9998.5;696.0
-1;58500;KELP;2016;21;;;;;2019;21;;;;;2017.5;46.8203125
-1;58600;RAINFOREST_RESIN;10002;1;9995;25;;;10005;25;;;;;10003.5;696.0
-1;58600;KELP;2015;25;;;;;2017;7;2019;25;;;2016.0;48.103515625
-1;58700;KELP;2015;34;;;;;2018;32;;;;;2016.5;49.4462890625
-1;58700;RAINFOREST_RESIN;9996;2;9995;30;;;10004;2;10005;30;;;10000.0;698.0
-1;58800;KELP;2015;29;;;;;2019;29;;;;;2017.0;48.25390625
-1;58800;RAINFOREST_RESIN;9995;29;;;;;10002;1;10005;29;;;9998.5;698.0
-1;58900;RAINFOREST_RESIN;9996;1;9995;24;;;10004;1;10005;24;;;10000.0;725.0
-1;58900;KELP;2015;25;;;;;2019;25;;;;;2017.0;47.52734375
-1;59000;RAINFOREST_RESIN;9996;2;9995;20;;;10004;2;10005;20;;;10000.0;725.0
-1;59000;KELP;2016;22;;;;;2019;22;;;;;2017.5;46.115234375
-1;59100;KELP;2016;34;;;;;2019;27;;;;;2017.5;44.958984375
-1;59100;RAINFOREST_RESIN;9995;27;;;;;10005;27;;;;;10000.0;725.0
-1;59200;KELP;2016;31;;;;;2020;31;;;;;2018.0;42.6396484375
-1;59200;RAINFOREST_RESIN;9998;4;9996;2;9995;29;10004;2;10005;29;;;10001.0;726.0
-1;59300;RAINFOREST_RESIN;9996;1;9995;26;;;10004;1;10005;26;;;10000.0;726.0
-1;59300;KELP;2016;26;;;;;2018;2;2019;27;;;2017.0;44.791015625
-1;59400;RAINFOREST_RESIN;9996;1;9995;21;;;10004;1;10005;21;;;10000.0;726.0
-1;59400;KELP;2015;22;;;;;2019;22;;;;;2017.0;47.5810546875
-1;59500;KELP;2015;23;;;;;2019;23;;;;;2017.0;47.1162109375
-1;59500;RAINFOREST_RESIN;10002;5;9995;23;;;10005;23;;;;;10003.5;726.0
-1;59600;KELP;2016;29;;;;;2019;29;;;;;2017.5;46.533203125
-1;59600;RAINFOREST_RESIN;9996;2;9995;27;;;10004;2;10005;27;;;10000.0;736.0
-1;59700;RAINFOREST_RESIN;9995;21;;;;;10005;21;;;;;10000.0;736.0
-1;59700;KELP;2015;21;;;;;2018;21;;;;;2016.5;50.7177734375
-1;59800;RAINFOREST_RESIN;9996;1;9995;24;;;10004;1;10005;24;;;10000.0;736.0
-1;59800;KELP;2015;25;;;;;2018;25;;;;;2016.5;50.1396484375
-1;59900;KELP;2015;24;;;;;2018;24;;;;;2016.5;50.7568359375
-1;59900;RAINFOREST_RESIN;9996;1;9995;23;;;10002;6;10004;1;10005;23;9999.0;736.0
-1;60000;KELP;2015;22;;;;;2018;22;;;;;2016.5;50.2509765625
-1;60000;RAINFOREST_RESIN;9998;3;9995;22;;;10005;22;;;;;10001.5;736.0
-1;60100;RAINFOREST_RESIN;9996;2;9995;25;;;10004;2;10005;25;;;10000.0;738.0
-1;60100;KELP;2015;27;;;;;2018;27;;;;;2016.5;50.646484375
-1;60200;RAINFOREST_RESIN;9995;25;;;;;10005;25;;;;;10000.0;738.0
-1;60200;KELP;2016;3;2015;25;;;2018;25;;;;;2017.0;51.7900390625
-1;60300;KELP;2015;28;;;;;2018;28;;;;;2016.5;51.93359375
-1;60300;RAINFOREST_RESIN;9996;1;9995;27;;;10004;1;10005;27;;;10000.0;754.0
-1;60400;KELP;2015;1;2014;20;;;2018;21;;;;;2016.5;52.400390625
-1;60400;RAINFOREST_RESIN;9996;1;9995;20;;;9998;1;10004;1;10005;20;9997.0;754.0
-1;60500;RAINFOREST_RESIN;9996;1;9995;23;;;10004;1;10005;23;;;10000.0;756.0
-1;60500;KELP;2015;24;;;;;2018;24;;;;;2016.5;49.7783203125
-1;60600;RAINFOREST_RESIN;9996;2;9995;22;;;10004;2;10005;22;;;10000.0;756.0
-1;60600;KELP;2015;26;;;;;2018;24;;;;;2016.5;49.921875
-1;60700;KELP;2015;22;;;;;2017;5;2018;22;;;2016.0;49.9609375
-1;60700;RAINFOREST_RESIN;9995;22;;;;;10005;22;;;;;10000.0;756.0
-1;60800;KELP;2015;31;;;;;2018;32;;;;;2016.5;49.892578125
-1;60800;RAINFOREST_RESIN;10002;10;9996;2;9995;30;10004;2;10005;30;;;10003.0;756.0
-1;60900;RAINFOREST_RESIN;9996;2;9995;29;;;10004;2;10005;29;;;10000.0;772.0
-1;60900;KELP;2015;28;;;;;2017;4;2018;31;;;2016.0;51.07421875
-1;61000;RAINFOREST_RESIN;9995;28;;;;;10005;28;;;;;10000.0;772.0
-1;61000;KELP;2015;28;;;;;2018;28;;;;;2016.5;50.4208984375
-1;61100;KELP;2015;29;;;;;2017;3;2018;29;;;2016.0;51.869140625
-1;61100;RAINFOREST_RESIN;9995;29;;;;;10005;29;;;;;10000.0;772.0
-1;61200;KELP;2015;22;;;;;2016;2;2018;22;;;2015.5;50.6396484375
-1;61200;RAINFOREST_RESIN;9998;9;9996;1;9995;21;10000;2;10004;1;10005;21;9999.0;772.0
-1;61300;RAINFOREST_RESIN;9996;1;9995;22;;;10004;1;10005;22;;;10000.0;772.0
-1;61300;KELP;2015;23;;;;;2018;23;;;;;2016.5;49.3125
-1;61400;RAINFOREST_RESIN;9996;1;9995;30;;;10004;1;10005;30;;;10000.0;772.0
-1;61400;KELP;2015;31;;;;;2018;1;2019;30;;;2016.5;48.8173828125
-1;61500;KELP;2015;29;;;;;2018;29;;;;;2016.5;50.7548828125
-1;61500;RAINFOREST_RESIN;9996;2;9995;27;;;10004;2;10005;27;;;10000.0;772.0
-1;61600;RAINFOREST_RESIN;9996;2;9995;28;;;10004;2;10005;28;;;10000.0;772.0
-1;61600;KELP;2015;30;;;;;2017;5;2018;30;;;2016.0;51.8173828125
-1;61700;KELP;2014;26;;;;;2016;7;2017;27;;;2015.0;55.3662109375
-1;61700;RAINFOREST_RESIN;9996;1;9995;26;;;10004;1;10005;26;;;10000.0;772.0
-1;61800;RAINFOREST_RESIN;9995;20;;;;;10005;20;;;;;10000.0;772.0
-1;61800;KELP;2015;20;;;;;2018;20;;;;;2016.5;51.6064453125
-1;61900;KELP;2014;26;;;;;2017;26;;;;;2015.5;54.9638671875
-1;61900;RAINFOREST_RESIN;9995;26;;;;;9998;1;10005;26;;;9996.5;772.0
-1;62000;RAINFOREST_RESIN;9995;20;;;;;10005;20;;;;;10000.0;772.0
-1;62000;KELP;2016;1;2014;20;;;2017;20;;;;;2016.5;54.68359375
-1;62100;KELP;2014;25;;;;;2017;25;;;;;2015.5;54.373046875
-1;62100;RAINFOREST_RESIN;9996;2;9995;23;;;10004;2;10005;23;;;10000.0;772.0
-1;62200;RAINFOREST_RESIN;9995;25;;;;;10002;3;10005;25;;;9998.5;772.0
-1;62200;KELP;2014;25;;;;;2017;25;;;;;2015.5;55.0498046875
-1;62300;KELP;2014;22;;;;;2017;22;;;;;2015.5;54.5322265625
-1;62300;RAINFOREST_RESIN;9995;22;;;;;10005;22;;;;;10000.0;772.0
-1;62400;RAINFOREST_RESIN;9996;2;9995;23;;;10004;2;10005;23;;;10000.0;774.0
-1;62400;KELP;2014;25;;;;;2016;8;2018;25;;;2015.0;52.4853515625
-1;62500;KELP;2015;3;2014;23;;;2018;24;;;;;2016.5;52.3515625
-1;62500;RAINFOREST_RESIN;9996;1;9995;23;;;10004;1;10005;23;;;10000.0;774.0
-1;62600;RAINFOREST_RESIN;9995;29;;;;;10005;29;;;;;10000.0;774.0
-1;62600;KELP;2015;29;;;;;2018;29;;;;;2016.5;50.078125
-1;62700;KELP;2015;26;;;;;2018;26;;;;;2016.5;50.27734375
-1;62700;RAINFOREST_RESIN;9996;2;9995;24;;;10004;2;10005;24;;;10000.0;774.0
-1;62800;RAINFOREST_RESIN;9995;26;;;;;10005;26;;;;;10000.0;774.0
-1;62800;KELP;2015;25;;;;;2017;1;2019;26;;;2016.0;48.455078125
-1;62900;KELP;2016;29;;;;;2018;1;2019;29;;;2017.0;45.80078125
-1;62900;RAINFOREST_RESIN;9996;2;9995;27;;;9998;4;10004;2;10005;27;9997.0;774.0
-1;63000;RAINFOREST_RESIN;9995;29;;;;;10005;29;;;;;10000.0;774.0
-1;63000;KELP;2016;29;;;;;2018;4;2019;29;;;2017.0;45.525390625
-1;63100;KELP;2016;25;;;;;2020;26;;;;;2018.0;43.2421875
-1;63100;RAINFOREST_RESIN;9996;2;9995;24;;;10004;2;10005;24;;;10000.0;774.0
-1;63200;RAINFOREST_RESIN;9995;28;;;;;10005;28;;;;;10000.0;774.0
-1;63200;KELP;2016;28;;;;;2020;28;;;;;2018.0;43.064453125
-1;63300;KELP;2016;32;;;;;2019;2;2020;30;;;2017.5;43.67578125
-1;63300;RAINFOREST_RESIN;9996;2;9995;30;;;10004;2;10005;30;;;10000.0;774.0
-1;63400;RAINFOREST_RESIN;9996;2;9995;24;;;10004;2;10005;24;;;10000.0;774.0
-1;63400;KELP;2018;3;2016;26;;;2020;26;;;;;2019.0;43.3720703125
-1;63500;KELP;2016;22;;;;;2019;20;;;;;2017.5;44.134765625
-1;63500;RAINFOREST_RESIN;9998;8;9995;20;;;10005;20;;;;;10001.5;774.0
-1;63600;RAINFOREST_RESIN;9995;21;;;;;10005;21;;;;;10000.0;774.0
-1;63600;KELP;2018;1;2016;21;;;2019;21;;;;;2018.5;44.5888671875
-1;63700;KELP;2017;8;2016;30;;;2019;2;2020;28;;;2018.0;43.681640625
-1;63700;RAINFOREST_RESIN;9996;2;9995;28;;;10002;6;10004;2;10005;28;9999.0;774.0
-1;63800;RAINFOREST_RESIN;9996;1;9995;21;;;10004;1;10005;21;;;10000.0;774.0
-1;63800;KELP;2016;21;;;;;2018;7;2020;22;;;2017.0;43.154296875
-1;63900;KELP;2016;21;;;;;2018;6;2020;21;;;2017.0;43.912109375
-1;63900;RAINFOREST_RESIN;9995;21;;;;;10005;21;;;;;10000.0;774.0
-1;64000;RAINFOREST_RESIN;9998;6;9995;30;;;10005;30;;;;;10001.5;801.0
-1;64000;KELP;2016;30;;;;;2019;30;;;;;2017.5;44.3984375
-1;64100;KELP;2016;27;;;;;2019;27;;;;;2017.5;44.3955078125
-1;64100;RAINFOREST_RESIN;9995;27;;;;;10002;6;10005;27;;;9998.5;801.0
-1;64200;KELP;2015;25;;;;;2018;25;;;;;2016.5;49.4501953125
-1;64200;RAINFOREST_RESIN;9996;1;9995;24;;;10004;1;10005;24;;;10000.0;801.0
-1;64300;RAINFOREST_RESIN;9998;7;9996;1;9995;22;10004;1;10005;22;;;10001.0;810.0
-1;64300;KELP;2015;23;;;;;2018;23;;;;;2016.5;50.71875
-1;64400;RAINFOREST_RESIN;9998;8;9996;2;9995;27;10004;2;10005;27;;;10001.0;810.0
-1;64400;KELP;2015;31;;;;;2018;29;;;;;2016.5;50.39453125
-1;64500;KELP;2015;29;;;;;2017;6;2018;29;;;2016.0;49.923828125
-1;64500;RAINFOREST_RESIN;9998;5;9996;2;9995;27;10004;2;10005;27;;;10001.0;810.0
-1;64600;KELP;2015;26;;;;;2018;26;;;;;2016.5;50.4375
-1;64600;RAINFOREST_RESIN;9995;26;;;;;10005;26;;;;;10000.0;810.0
-1;64700;RAINFOREST_RESIN;9995;28;;;;;10005;28;;;;;10000.0;810.0
-1;64700;KELP;2015;28;;;;;2018;28;;;;;2016.5;51.923828125
-1;64800;RAINFOREST_RESIN;9996;2;9995;30;;;10004;2;10005;30;;;10000.0;810.0
-1;64800;KELP;2015;2;2014;30;;;2018;32;;;;;2016.5;52.0322265625
-1;64900;KELP;2015;31;;;;;2017;3;2018;31;;;2016.0;51.9248046875
-1;64900;RAINFOREST_RESIN;9996;2;9995;29;;;10004;2;10005;29;;;10000.0;810.0
-1;65000;KELP;2015;25;;;;;2018;25;;;;;2016.5;50.30078125
-1;65000;RAINFOREST_RESIN;9995;25;;;;;9998;1;10005;25;;;9996.5;810.0
-1;65100;RAINFOREST_RESIN;9996;2;9995;23;;;10004;2;10005;23;;;10000.0;812.0
-1;65100;KELP;2015;25;;;;;2018;25;;;;;2016.5;50.849609375
-1;65200;RAINFOREST_RESIN;9998;8;9995;29;;;10005;29;;;;;10001.5;818.0
-1;65200;KELP;2017;1;2015;29;;;2019;29;;;;;2018.0;48.203125
-1;65300;KELP;2015;21;;;;;2017;2;2018;21;;;2016.0;49.923828125
-1;65300;RAINFOREST_RESIN;9995;21;;;;;10002;3;10005;21;;;9998.5;818.0
-1;65400;KELP;2015;28;;;;;2016;3;2018;28;;;2015.5;49.419921875
-1;65400;RAINFOREST_RESIN;9996;2;9995;26;;;10000;3;10004;2;10005;26;9998.0;818.0
-1;65500;RAINFOREST_RESIN;9996;2;9995;27;;;10004;2;10005;27;;;10000.0;818.0
-1;65500;KELP;2015;36;;;;;2018;29;;;;;2016.5;50.4521484375
-1;65600;RAINFOREST_RESIN;9998;5;9995;20;;;10005;20;;;;;10001.5;818.0
-1;65600;KELP;2015;20;;;;;2019;20;;;;;2017.0;48.8447265625
-1;65700;KELP;2014;29;;;;;2018;29;;;;;2016.0;52.2197265625
-1;65700;RAINFOREST_RESIN;9995;29;;;;;10005;29;;;;;10000.0;818.0
-1;65800;KELP;2015;20;;;;;2017;7;2018;20;;;2016.0;51.7548828125
-1;65800;RAINFOREST_RESIN;9998;9;9995;20;;;10005;20;;;;;10001.5;818.0
-1;65900;RAINFOREST_RESIN;9996;1;9995;23;;;10004;1;10005;23;;;10000.0;818.0
-1;65900;KELP;2015;29;;;;;2018;24;;;;;2016.5;50.7724609375
-1;66000;RAINFOREST_RESIN;9998;4;9996;2;9995;22;10004;2;10005;22;;;10001.0;818.0
-1;66000;KELP;2015;24;;;;;2018;24;;;;;2016.5;50.6650390625
-1;66100;KELP;2015;27;;;;;2018;27;;;;;2016.5;50.1103515625
-1;66100;RAINFOREST_RESIN;9996;1;9995;26;;;9998;1;10004;1;10005;26;9997.0;818.0
-1;66200;KELP;2016;5;2015;20;;;2019;20;;;;;2017.5;48.06640625
-1;66200;RAINFOREST_RESIN;10002;1;10000;5;9995;20;10005;20;;;;;10003.5;818.0
-1;66300;RAINFOREST_RESIN;9996;1;9995;24;;;10004;1;10005;24;;;10000.0;820.0
-1;66300;KELP;2018;1;2016;2;2015;25;2019;25;;;;;2018.5;47.6103515625
-1;66400;RAINFOREST_RESIN;9995;21;;;;;9998;3;10005;21;;;9996.5;820.0
-1;66400;KELP;2015;21;;;;;2019;21;;;;;2017.0;47.162109375
-1;66500;KELP;2015;22;;;;;2019;22;;;;;2017.0;47.466796875
-1;66500;RAINFOREST_RESIN;9996;2;9995;20;;;10004;2;10005;20;;;10000.0;820.0
-1;66600;KELP;2015;22;;;;;2017;3;2019;22;;;2016.0;48.6279296875
-1;66600;RAINFOREST_RESIN;9995;22;;;;;10005;22;;;;;10000.0;820.0
-1;66700;RAINFOREST_RESIN;9998;9;9995;27;;;10005;27;;;;;10001.5;820.0
-1;66700;KELP;2014;27;;;;;2018;27;;;;;2016.0;53.06640625
-1;66800;RAINFOREST_RESIN;9995;30;;;;;10005;30;;;;;10000.0;820.0
-1;66800;KELP;2014;30;;;;;2018;30;;;;;2016.0;52.5732421875
-1;66900;KELP;2017;1;2015;4;2014;23;2018;23;;;;;2017.5;52.3212890625
-1;66900;RAINFOREST_RESIN;9998;4;9995;23;;;10005;23;;;;;10001.5;820.0
-1;67000;KELP;2015;25;;;;;2018;25;;;;;2016.5;51.455078125
-1;67000;RAINFOREST_RESIN;9996;1;9995;24;;;10004;1;10005;24;;;10000.0;820.0
-1;67100;RAINFOREST_RESIN;9995;23;;;;;10005;23;;;;;10000.0;820.0
-1;67100;KELP;2015;23;;;;;2018;23;;;;;2016.5;51.8125
-1;67200;RAINFOREST_RESIN;9996;2;9995;20;;;10002;3;10004;2;10005;20;9999.0;820.0
-1;67200;KELP;2015;21;;;;;2018;22;;;;;2016.5;50.830078125
-1;67300;KELP;2015;31;;;;;2018;30;;;;;2016.5;50.568359375
-1;67300;RAINFOREST_RESIN;9995;30;;;;;9998;3;10005;30;;;9996.5;820.0
-1;67400;KELP;2015;26;;;;;2018;26;;;;;2016.5;49.099609375
-1;67400;RAINFOREST_RESIN;9998;4;9996;1;9995;25;10004;1;10005;25;;;10001.0;820.0
-1;67500;RAINFOREST_RESIN;9995;21;;;;;10005;21;;;;;10000.0;820.0
-1;67500;KELP;2015;20;;;;;2018;21;;;;;2016.5;49.501953125
-1;67600;RAINFOREST_RESIN;9996;2;9995;25;;;10004;2;10005;25;;;10000.0;820.0
-1;67600;KELP;2015;27;;;;;2018;27;;;;;2016.5;49.76171875
-1;67700;KELP;2015;33;;;;;2018;30;;;;;2016.5;49.357421875
-1;67700;RAINFOREST_RESIN;9996;1;9995;29;;;10004;1;10005;29;;;10000.0;820.0
-1;67800;KELP;2015;38;;;;;2018;30;;;;;2016.5;51.1064453125
-1;67800;RAINFOREST_RESIN;9998;3;9995;30;;;10005;30;;;;;10001.5;820.0
-1;67900;RAINFOREST_RESIN;9995;25;;;;;10005;25;;;;;10000.0;820.0
-1;67900;KELP;2015;25;;;;;2018;25;;;;;2016.5;49.5419921875
-1;68000;RAINFOREST_RESIN;9996;2;9995;21;;;10004;2;10005;21;;;10000.0;820.0
-1;68000;KELP;2015;23;;;;;2018;23;;;;;2016.5;49.3369140625
-1;68100;KELP;2015;31;;;;;2017;4;2018;31;;;2016.0;51.78125
-1;68100;RAINFOREST_RESIN;9996;2;9995;29;;;10004;2;10005;29;;;10000.0;820.0
-1;68200;KELP;2017;1;2015;31;;;2018;31;;;;;2017.5;50.62109375
-1;68200;RAINFOREST_RESIN;9996;2;9995;29;;;10004;2;10005;29;;;10000.0;820.0
-1;68300;RAINFOREST_RESIN;9996;1;9995;28;;;10004;1;10005;28;;;10000.0;820.0
-1;68300;KELP;2017;1;2015;29;;;2018;29;;;;;2017.5;51.197265625
-1;68400;RAINFOREST_RESIN;9996;2;9995;26;;;10004;2;10005;26;;;10000.0;820.0
-1;68400;KELP;2015;28;;;;;2018;28;;;;;2016.5;50.4375
-1;68500;KELP;2015;23;;;;;2018;23;;;;;2016.5;50.009765625
-1;68500;RAINFOREST_RESIN;9995;23;;;;;10002;5;10005;23;;;9998.5;820.0
-1;68600;KELP;2015;24;;;;;2018;25;;;;;2016.5;50.189453125
-1;68600;RAINFOREST_RESIN;9996;1;9995;24;;;10004;1;10005;24;;;10000.0;820.0
-1;68700;RAINFOREST_RESIN;9996;1;9995;27;;;10004;1;10005;27;;;10000.0;820.0
-1;68700;KELP;2015;28;;;;;2018;28;;;;;2016.5;49.3427734375
-1;68800;RAINFOREST_RESIN;9995;22;;;;;9998;1;10005;22;;;9996.5;820.0
-1;68800;KELP;2015;22;;;;;2018;22;;;;;2016.5;49.958984375
-1;68900;KELP;2017;1;2015;28;;;2018;28;;;;;2017.5;51.9443359375
-1;68900;RAINFOREST_RESIN;9996;1;9995;27;;;10004;1;10005;27;;;10000.0;820.0
-1;69000;KELP;2015;30;;;;;2018;30;;;;;2016.5;49.74609375
-1;69000;RAINFOREST_RESIN;9996;2;9995;28;;;10004;2;10005;28;;;10000.0;820.0
-1;69100;RAINFOREST_RESIN;9998;9;9996;1;9995;30;10004;1;10005;30;;;10001.0;820.0
-1;69100;KELP;2015;30;;;;;2018;31;;;;;2016.5;50.7138671875
-1;69200;RAINFOREST_RESIN;9996;2;9995;28;;;10004;2;10005;28;;;10000.0;820.0
-1;69200;KELP;2017;3;2015;30;;;2018;30;;;;;2017.5;50.9111328125
-1;69300;KELP;2017;1;2015;21;;;2018;21;;;;;2017.5;51.169921875
-1;69300;RAINFOREST_RESIN;9995;21;;;;;9998;1;10005;21;;;9996.5;820.0
-1;69400;KELP;2015;26;;;;;2018;26;;;;;2016.5;50.96875
-1;69400;RAINFOREST_RESIN;10002;1;9998;2;9996;1;10004;1;10005;25;;;10003.0;820.0
-1;69500;RAINFOREST_RESIN;9998;1;9996;2;9995;24;10004;2;10005;24;;;10001.0;822.0
-1;69500;KELP;2015;32;;;;;2018;26;;;;;2016.5;50.771484375
-1;69600;RAINFOREST_RESIN;9995;23;;;;;10005;23;;;;;10000.0;822.0
-1;69600;KELP;2015;22;;;;;2018;23;;;;;2016.5;50.8232421875
-1;69700;KELP;2015;21;;;;;2018;21;;;;;2016.5;50.818359375
-1;69700;RAINFOREST_RESIN;10002;1;9996;1;9995;20;10004;1;10005;20;;;10003.0;822.0
-1;69800;KELP;2015;24;;;;;2018;24;;;;;2016.5;49.51953125
-1;69800;RAINFOREST_RESIN;9996;1;9995;23;;;10004;1;10005;23;;;10000.0;828.0
-1;69900;RAINFOREST_RESIN;9996;2;9995;27;;;10004;2;10005;27;;;10000.0;828.0
-1;69900;KELP;2015;29;;;;;2018;29;;;;;2016.5;49.6806640625
-1;70000;RAINFOREST_RESIN;9996;2;9995;27;;;10004;2;10005;27;;;10000.0;828.0
-1;70000;KELP;2015;29;;;;;2018;29;;;;;2016.5;50.3515625
-1;70100;KELP;2015;23;;;;;2018;2;2019;22;;;2016.5;48.7138671875
-1;70100;RAINFOREST_RESIN;9996;2;9995;22;;;10004;2;10005;22;;;10000.0;828.0
-1;70200;KELP;2015;22;;;;;2018;22;;;;;2016.5;49.7158203125
-1;70200;RAINFOREST_RESIN;9996;1;9995;21;;;10004;1;10005;21;;;10000.0;828.0
-1;70300;RAINFOREST_RESIN;9996;1;9995;25;;;9998;2;10004;1;10005;25;9997.0;828.0
-1;70300;KELP;2015;26;;;;;2018;26;;;;;2016.5;51.05859375
-1;70400;RAINFOREST_RESIN;9995;26;;;;;10005;26;;;;;10000.0;828.0
-1;70400;KELP;2015;26;;;;;2017;6;2018;26;;;2016.0;51.8564453125
-1;70500;KELP;2015;23;;;;;2016;3;2017;3;2018;23;2015.5;50.8330078125
-1;70500;RAINFOREST_RESIN;9995;23;;;;;10000;3;10005;23;;;9997.5;828.0
-1;70600;RAINFOREST_RESIN;9996;1;9995;27;;;10004;1;10005;27;;;10000.0;828.0
-1;70600;KELP;2015;34;;;;;2018;28;;;;;2016.5;49.185546875
-1;70700;KELP;2015;26;;;;;2018;26;;;;;2016.5;51.177734375
-1;70700;RAINFOREST_RESIN;9995;26;;;;;10005;26;;;;;10000.0;834.0
-1;70800;RAINFOREST_RESIN;10002;1;9995;27;;;10005;27;;;;;10003.5;834.0
-1;70800;KELP;2015;26;;;;;2018;27;;;;;2016.5;50.4814453125
-1;70900;KELP;2015;32;;;;;2018;32;;;;;2016.5;50.3759765625
-1;70900;RAINFOREST_RESIN;9996;2;9995;30;;;10004;2;10005;30;;;10000.0;836.0
-1;71000;RAINFOREST_RESIN;9996;1;9995;29;;;10002;5;10004;1;10005;29;9999.0;836.0
-1;71000;KELP;2015;30;;;;;2018;30;;;;;2016.5;50.58203125
-1;71100;KELP;2015;22;;;;;2018;22;;;;;2016.5;50.43359375
-1;71100;RAINFOREST_RESIN;9998;9;9996;1;9995;21;10004;1;10005;21;;;10001.0;836.0
-1;71200;RAINFOREST_RESIN;10002;1;9996;1;9995;28;10004;1;10005;28;;;10003.0;836.0
-1;71200;KELP;2015;28;;;;;2018;29;;;;;2016.5;50.595703125
-1;71300;KELP;2015;28;;;;;2017;4;2018;28;;;2016.0;51.4306640625
-1;71300;RAINFOREST_RESIN;9996;2;9995;26;;;10002;4;10004;2;10005;26;9999.0;838.0
-1;71400;RAINFOREST_RESIN;9996;2;9995;24;;;10002;3;10004;2;10005;24;9999.0;838.0
-1;71400;KELP;2015;26;;;;;2018;26;;;;;2016.5;51.6943359375
-1;71500;KELP;2015;25;;;;;2018;28;;;;;2016.5;50.0625
-1;71500;RAINFOREST_RESIN;10002;1;9996;2;9995;26;10004;2;10005;26;;;10003.0;838.0
-1;71600;RAINFOREST_RESIN;9996;1;9995;27;;;9998;3;10004;1;10005;27;9997.0;840.0
-1;71600;KELP;2014;28;;;;;2018;28;;;;;2016.0;52.98046875
-1;71700;KELP;2014;31;;;;;2016;4;2018;31;;;2015.0;52.8779296875
-1;71700;RAINFOREST_RESIN;9996;2;9995;29;;;10004;2;10005;29;;;10000.0;846.0
-1;71800;RAINFOREST_RESIN;10002;1;9996;2;9995;25;10004;2;10005;25;;;10003.0;846.0
-1;71800;KELP;2014;27;;;;;2018;27;;;;;2016.0;52.830078125
-1;71900;KELP;2014;26;;;;;2018;26;;;;;2016.0;53.50390625
-1;71900;RAINFOREST_RESIN;10002;1;9996;1;9995;25;10004;1;10005;25;;;10003.0;848.0
-1;72000;RAINFOREST_RESIN;9996;1;9995;20;;;10004;1;10005;20;;;10000.0;850.0
-1;72000;KELP;2015;21;;;;;2017;6;2018;21;;;2016.0;50.6044921875
-1;72100;KELP;2014;21;;;;;2016;5;2018;21;;;2015.0;52.685546875
-1;72100;RAINFOREST_RESIN;9995;21;;;;;10005;21;;;;;10000.0;850.0
-1;72200;RAINFOREST_RESIN;9996;2;9995;29;;;10004;2;10005;29;;;10000.0;850.0
-1;72200;KELP;2016;3;2014;31;;;2018;31;;;;;2017.0;53.474609375
-1;72300;KELP;2014;23;;;;;2018;23;;;;;2016.0;52.5908203125
-1;72300;RAINFOREST_RESIN;9996;1;9995;22;;;10002;8;10004;1;10005;22;9999.0;850.0
-1;72400;RAINFOREST_RESIN;10002;1;9996;2;9995;20;10004;2;10005;20;;;10003.0;850.0
-1;72400;KELP;2014;22;;;;;2016;6;2018;22;;;2015.0;53.234375
-1;72500;KELP;2014;34;;;;;2017;27;;;;;2015.5;54.888671875
-1;72500;RAINFOREST_RESIN;9996;2;9995;25;;;10004;2;10005;25;;;10000.0;852.0
-1;72600;RAINFOREST_RESIN;9996;2;9995;27;;;10004;2;10005;27;;;10000.0;854.0
-1;72600;KELP;2014;35;;;;;2015;4;2017;29;;;2014.5;54.310546875
-1;72700;KELP;2014;23;;;;;2017;23;;;;;2015.5;54.7744140625
-1;72700;RAINFOREST_RESIN;9995;23;;;;;10005;23;;;;;10000.0;854.0
-1;72800;RAINFOREST_RESIN;9995;20;;;;;10005;20;;;;;10000.0;854.0
-1;72800;KELP;2014;20;;;;;2017;20;;;;;2015.5;54.625
-1;72900;KELP;2014;24;;;;;2017;24;;;;;2015.5;54.8076171875
-1;72900;RAINFOREST_RESIN;9998;1;9996;2;9995;22;10004;2;10005;22;;;10001.0;854.0
-1;73000;RAINFOREST_RESIN;9996;1;9995;21;;;10002;7;10004;1;10005;21;9999.0;856.0
-1;73000;KELP;2014;21;;;;;2016;2;2017;22;;;2015.0;54.77734375
-1;73100;KELP;2014;31;;;;;2017;31;;;;;2015.5;55.611328125
-1;73100;RAINFOREST_RESIN;9996;2;9995;29;;;10002;3;10004;2;10005;29;9999.0;856.0
-1;73200;KELP;2014;21;;;;;2017;21;;;;;2015.5;56.1845703125
-1;73200;RAINFOREST_RESIN;9995;21;;;;;10005;21;;;;;10000.0;856.0
-1;73300;RAINFOREST_RESIN;9996;1;9995;29;;;10004;1;10005;29;;;10000.0;856.0
-1;73300;KELP;2014;30;;;;;2017;30;;;;;2015.5;56.7421875
-1;73400;RAINFOREST_RESIN;9995;30;;;;;9998;1;10005;30;;;9996.5;856.0
-1;73400;KELP;2014;30;;;;;2016;4;2017;30;;;2015.0;56.2900390625
-1;73500;KELP;2014;25;;;;;2017;25;;;;;2015.5;55.9375
-1;73500;RAINFOREST_RESIN;9996;2;9995;23;;;10004;2;10005;23;;;10000.0;858.0
-1;73600;KELP;2014;25;;;;;2017;25;;;;;2015.5;55.8330078125
-1;73600;RAINFOREST_RESIN;9996;1;9995;24;;;10004;1;10005;24;;;10000.0;858.0
-1;73700;RAINFOREST_RESIN;9995;24;;;;;10005;24;;;;;10000.0;858.0
-1;73700;KELP;2014;24;;;;;2017;24;;;;;2015.5;54.306640625
-1;73800;RAINFOREST_RESIN;9995;24;;;;;10005;24;;;;;10000.0;858.0
-1;73800;KELP;2014;24;;;;;2016;5;2018;24;;;2015.0;52.689453125
-1;73900;KELP;2015;27;;;;;2018;30;;;;;2016.5;49.638671875
-1;73900;RAINFOREST_RESIN;9995;30;;;;;10005;30;;;;;10000.0;858.0
-1;74000;KELP;2015;26;;;;;2017;3;2018;26;;;2016.0;51.44921875
-1;74000;RAINFOREST_RESIN;10002;1;9998;10;9996;2;10004;2;10005;24;;;10003.0;858.0
-1;74100;RAINFOREST_RESIN;10000;6;9996;2;9995;30;10004;2;10005;30;;;10002.0;860.0
-1;74100;KELP;2016;6;2015;32;;;2018;32;;;;;2017.0;51.41015625
