day;timestamp;product;bid_price_1;bid_volume_1;bid_price_2;bid_volume_2;bid_price_3;bid_volume_3;ask_price_1;ask_volume_1;ask_price_2;ask_volume_2;ask_price_3;ask_volume_3;mid_price;profit_and_loss
-1;0;RAINFOREST_RESIN;10002;1;9996;2;9995;29;10004;2;10005;29;;;10003.0;0.0
-1;0;KELP;2028;1;2026;2;2025;29;2029;31;;;;;2028.5;0.0
-1;100;KELP;2025;24;;;;;2028;2;2029;22;;;2026.5;0.0
-1;100;RAINFOREST_RESIN;9996;2;9995;22;;;10004;2;10005;22;;;10000.0;0.0
-1;200;RAINFOREST_RESIN;9995;20;;;;;10005;20;;;;;10000.0;0.0
-1;200;KELP;2025;22;;;;;2028;20;;;;;2026.5;0.0
-1;300;KELP;2025;31;;;;;2028;2;2029;29;;;2026.5;0.0
-1;300;RAINFOREST_RESIN;9996;2;9995;29;;;10004;2;10005;29;;;10000.0;0.0
-1;400;RAINFOREST_RESIN;9996;2;9995;25;;;10004;2;10005;25;;;10000.0;0.0
-1;400;KELP;2025;27;;;;;2028;27;;;;;2026.5;0.0
-1;500;KELP;2025;30;;;;;2028;30;;;;;2026.5;0.0
-1;500;RAINFOREST_RESIN;9995;30;;;;;10002;4;10005;30;;;9998.5;0.0
-1;600;RAINFOREST_RESIN;10000;5;9995;25;;;10005;25;;;;;10002.5;0.0
-1;600;KELP;2026;5;2025;31;;;2028;25;;;;;2027.0;0.0
-1;700;KELP;2025;2;2024;23;;;2028;23;;;;;2026.5;0.0
-1;700;RAINFOREST_RESIN;9995;23;;;;;10005;23;;;;;10000.0;0.0
-1;800;RAINFOREST_RESIN;9996;1;9995;29;;;10004;1;10005;29;;;10000.0;0.0
-1;800;KELP;2024;1;2023;29;;;2027;30;;;;;2025.5;0.0
-1;900;KELP;2024;23;;;;;2027;23;;;;;2025.5;0.0
-1;900;RAINFOREST_RESIN;9996;1;9995;22;;;10004;1;10005;22;;;10000.0;0.0
-1;1000;RAINFOREST_RESIN;9995;26;;;;;10005;26;;;;;10000.0;0.0
-1;1000;KELP;2024;26;;;;;2026;6;2027;26;;;2025.0;0.0
-1;1100;KELP;2025;6;2024;26;;;2027;2;2028;24;;;2026.0;0.0
-1;1100;RAINFOREST_RESIN;9996;2;9995;24;;;10004;2;10005;24;;;10000.0;0.0
-1;1200;RAINFOREST_RESIN;9995;21;;;;;9998;1;10005;21;;;9996.5;20.0
-1;1200;KELP;2024;21;;;;;2026;8;2028;21;;;2025.0;0.0
-1;1300;KELP;2024;31;;;;;2028;31;;;;;2026.0;0.0
-1;1300;RAINFOREST_RESIN;10002;1;9996;1;9995;30;10004;1;10005;30;;;10003.0;22.0
-1;1400;RAINFOREST_RESIN;9996;1;9995;25;;;10004;1;10005;25;;;10000.0;24.0
-1;1400;KELP;2025;3;2024;25;;;2028;26;;;;;2026.5;0.0
-1;1500;KELP;2024;27;;;;;2028;27;;;;;2026.0;0.0
-1;1500;RAINFOREST_RESIN;9995;27;;;;;10005;27;;;;;10000.0;24.0
-1;1600;RAINFOREST_RESIN;9995;29;;;;;10005;29;;;;;10000.0;24.0
-1;1600;KELP;2024;29;;;;;2026;4;2028;29;;;2025.0;0.0
-1;1700;KELP;2024;22;;;;;2026;8;2028;22;;;2025.0;0.0
-1;1700;RAINFOREST_RESIN;9996;2;9995;20;;;10002;1;10004;2;10005;20;9999.0;24.0
-1;1800;RAINFOREST_RESIN;10002;1;9996;1;9995;22;10004;1;10005;22;;;10003.0;24.0
-1;1800;KELP;2024;23;;;;;2028;23;;;;;2026.0;0.0
-1;1900;KELP;2024;29;;;;;2026;5;2027;29;;;2025.0;0.0
-1;1900;RAINFOREST_RESIN;9996;1;9995;28;;;10004;1;10005;28;;;10000.0;26.0
-1;2000;KELP;2024;26;;;;;2027;26;;;;;2025.5;0.0
-1;2000;RAINFOREST_RESIN;9996;2;9995;24;;;9998;1;10004;2;10005;24;9997.0;26.0
-1;2100;RAINFOREST_RESIN;9996;2;9995;25;;;10002;3;10004;2;10005;25;9999.0;26.0
-1;2100;KELP;2024;27;;;;;2027;2;2028;25;;;2025.5;0.0
-1;2200;RAINFOREST_RESIN;9998;8;9996;1;9995;24;10004;1;10005;24;;;10001.0;26.0
-1;2200;KELP;2024;25;;;;;2026;7;2027;1;2028;24;2025.0;0.0
-1;2300;KELP;2024;32;;;;;2028;32;;;;;2026.0;0.0
-1;2300;RAINFOREST_RESIN;9998;7;9996;2;9995;30;10004;2;10005;30;;;10001.0;26.0
-1;2400;KELP;2024;29;;;;;2025;1;2028;29;;;2024.5;0.0
-1;2400;RAINFOREST_RESIN;9995;29;;;;;10005;29;;;;;10000.0;26.0
-1;2500;RAINFOREST_RESIN;9996;1;9995;22;;;10004;1;10005;22;;;10000.0;26.0
-1;2500;KELP;2025;2;2024;23;;;2027;1;2028;22;;;2026.0;0.0
-1;2600;RAINFOREST_RESIN;9995;23;;;;;10005;23;;;;;10000.0;26.0
-1;2600;KELP;2025;3;2024;23;;;2028;23;;;;;2026.5;0.0
-1;2700;KELP;2024;26;;;;;2027;26;;;;;2025.5;0.0
-1;2700;RAINFOREST_RESIN;9998;6;9995;26;;;10005;26;;;;;10001.5;26.0
-1;2800;KELP;2023;25;;;;;2027;25;;;;;2025.0;0.0
-1;2800;RAINFOREST_RESIN;9995;25;;;;;10005;25;;;;;10000.0;26.0
-1;2900;RAINFOREST_RESIN;9996;1;9995;25;;;10004;1;10005;25;;;10000.0;26.0
-1;2900;KELP;2023;26;;;;;2027;26;;;;;2025.0;0.0
-1;3000;RAINFOREST_RESIN;9998;1;9995;26;;;10005;26;;;;;10001.5;42.0
-1;3000;KELP;2024;29;;;;;2027;26;;;;;2025.5;0.0
-1;3100;KELP;2023;26;;;;;2025;5;2026;26;;;2024.0;0.0
-1;3100;RAINFOREST_RESIN;9996;2;9995;24;;;10004;2;10005;24;;;10000.0;44.0
-1;3200;KELP;2023;23;;;;;2025;3;2026;23;;;2024.0;0.0
-1;3200;RAINFOREST_RESIN;9996;1;9995;22;;;10004;1;10005;22;;;10000.0;48.0
-1;3300;RAINFOREST_RESIN;9996;2;9995;30;;;10004;2;10005;30;;;10000.0;52.0
-1;3300;KELP;2023;32;;;;;2025;2;2026;32;;;2024.0;0.0
-1;3400;RAINFOREST_RESIN;9996;2;9995;24;;;10004;2;10005;24;;;10000.0;52.0
-1;3400;KELP;2023;26;;;;;2026;26;;;;;2024.5;0.0
-1;3500;KELP;2023;26;;;;;2026;26;;;;;2024.5;0.0
-1;3500;RAINFOREST_RESIN;9995;26;;;;;10005;26;;;;;10000.0;52.0
-1;3600;KELP;2023;21;;;;;2026;21;;;;;2024.5;0.0
-1;3600;RAINFOREST_RESIN;9995;21;;;;;9998;4;10005;21;;;9996.5;52.0
-1;3700;RAINFOREST_RESIN;10002;1;9996;1;9995;23;10004;1;10005;23;;;10003.0;52.0
-1;3700;KELP;2023;27;;;;;2026;24;;;;;2024.5;0.0
-1;3800;RAINFOREST_RESIN;9996;2;9995;23;;;10002;10;10004;2;10005;23;9999.0;54.0
-1;3800;KELP;2023;25;;;;;2026;25;;;;;2024.5;0.0
-1;3900;KELP;2023;28;;;;;2026;26;;;;;2024.5;0.0
-1;3900;RAINFOREST_RESIN;9998;1;9996;1;9995;25;10004;1;10005;25;;;10001.0;57.0
-1;4000;KELP;2023;32;;;;;2026;32;;;;;2024.5;0.0
-1;4000;RAINFOREST_RESIN;9996;2;9995;30;;;10004;2;10005;30;;;10000.0;57.0
-1;4100;RAINFOREST_RESIN;9996;2;9995;27;;;10004;2;10005;27;;;10000.0;57.0
-1;4100;KELP;2023;29;;;;;2027;29;;;;;2025.0;0.0
-1;4200;RAINFOREST_RESIN;9996;2;9995;24;;;10002;4;10004;2;10005;24;9999.0;57.0
-1;4200;KELP;2023;26;;;;;2027;26;;;;;2025.0;0.0
-1;4300;KELP;2023;29;;;;;2024;5;2026;22;;;2023.5;0.0
-1;4300;RAINFOREST_RESIN;9995;22;;;;;9998;1;10000;6;10005;22;9996.5;69.0
-1;4400;KELP;2023;30;;;;;2026;30;;;;;2024.5;0.0
-1;4400;RAINFOREST_RESIN;9995;30;;;;;10005;30;;;;;10000.0;75.0
-1;4500;RAINFOREST_RESIN;9996;1;9995;28;;;10002;10;10004;1;10005;28;9999.0;75.0
-1;4500;KELP;2023;28;;;;;2026;29;;;;;2024.5;0.0
-1;4600;RAINFOREST_RESIN;9996;1;9995;29;;;10002;10;10004;1;10005;29;9999.0;75.0
-1;4600;KELP;2023;30;;;;;2026;30;;;;;2024.5;0.0
-1;4700;KELP;2023;25;;;;;2025;3;2026;32;;;2024.0;0.0
-1;4700;RAINFOREST_RESIN;9996;2;9995;30;;;10004;2;10005;30;;;10000.0;75.0
-1;4800;KELP;2023;24;;;;;2027;24;;;;;2025.0;0.0
-1;4800;RAINFOREST_RESIN;9998;6;9996;2;9995;22;10004;2;10005;22;;;10001.0;75.0
-1;4900;RAINFOREST_RESIN;9995;22;;;;;10002;7;10005;22;;;9998.5;77.0
-1;4900;KELP;2023;22;;;;;2027;22;;;;;2025.0;0.0
-1;5000;RAINFOREST_RESIN;9998;3;9996;2;9995;28;10004;2;10005;28;;;10001.0;77.0
-1;5000;KELP;2023;30;;;;;2026;30;;;;;2024.5;0.0
-1;5100;KELP;2023;37;;;;;2026;31;;;;;2024.5;0.0
-1;5100;RAINFOREST_RESIN;9996;1;9995;30;;;10004;1;10005;30;;;10000.0;77.0
-1;5200;KELP;2023;35;;;;;2026;27;;;;;2024.5;0.0
-1;5200;RAINFOREST_RESIN;9998;9;9996;1;9995;26;10004;1;10005;26;;;10001.0;77.0
-1;5300;RAINFOREST_RESIN;9996;1;9995;20;;;10004;1;10005;20;;;10000.0;77.0
-1;5300;KELP;2025;1;2023;21;;;2026;21;;;;;2025.5;0.0
-1;5400;RAINFOREST_RESIN;9995;21;;;;;10005;21;;;;;10000.0;77.0
-1;5400;KELP;2023;21;;;;;2025;6;2027;21;;;2024.0;0.0
-1;5500;KELP;2023;27;;;;;2027;27;;;;;2025.0;0.0
-1;5500;RAINFOREST_RESIN;9995;27;;;;;10005;27;;;;;10000.0;77.0
-1;5600;KELP;2025;2;2023;28;;;2027;28;;;;;2026.0;0.0
-1;5600;RAINFOREST_RESIN;9995;28;;;;;10005;28;;;;;10000.0;77.0
-1;5700;RAINFOREST_RESIN;9998;2;9995;27;;;10005;27;;;;;10001.5;77.0
-1;5700;KELP;2024;26;;;;;2027;27;;;;;2025.5;0.0
-1;5800;RAINFOREST_RESIN;9996;1;9995;30;;;10004;1;10005;30;;;10000.0;77.0
-1;5800;KELP;2024;31;;;;;2027;31;;;;;2025.5;0.0
-1;5900;KELP;2024;35;;;;;2027;30;;;;;2025.5;0.0
-1;5900;RAINFOREST_RESIN;9996;2;9995;28;;;10004;2;10005;28;;;10000.0;77.0
-1;6000;KELP;2024;30;;;;;2027;30;;;;;2025.5;0.0
-1;6000;RAINFOREST_RESIN;9995;30;;;;;10005;30;;;;;10000.0;77.0
-1;6100;RAINFOREST_RESIN;9996;1;9995;24;;;10004;1;10005;24;;;10000.0;77.0
-1;6100;KELP;2024;24;;;;;2027;25;;;;;2025.5;0.0
-1;6200;RAINFOREST_RESIN;9996;1;9995;21;;;10004;1;10005;21;;;10000.0;77.0
-1;6200;KELP;2024;22;;;;;2027;22;;;;;2025.5;0.0
-1;6300;KELP;2024;30;;;;;2027;25;;;;;2025.5;0.0
-1;6300;RAINFOREST_RESIN;9996;2;9995;23;;;10004;2;10005;23;;;10000.0;77.0
-1;6400;KELP;2024;25;;;;;2027;25;;;;;2025.5;0.0
-1;6400;RAINFOREST_RESIN;9996;1;9995;24;;;10004;1;10005;24;;;10000.0;77.0
-1;6500;RAINFOREST_RESIN;9996;1;9995;26;;;9998;1;10004;1;10005;26;9997.0;77.0
-1;6500;KELP;2024;27;;;;;2027;27;;;;;2025.5;0.0
-1;6600;RAINFOREST_RESIN;9996;2;9995;24;;;10004;2;10005;24;;;10000.0;77.0
-1;6600;KELP;2024;26;;;;;2028;26;;;;;2026.0;0.0
-1;6700;KELP;2025;7;2024;20;;;2028;20;;;;;2026.5;0.0
-1;6700;RAINFOREST_RESIN;9995;20;;;;;10002;3;10005;20;;;9998.5;85.0
-1;6800;KELP;2024;32;;;;;2026;8;2027;2;2028;30;2025.0;0.0
-1;6800;RAINFOREST_RESIN;9996;2;9995;30;;;10004;2;10005;30;;;10000.0;85.0
-1;6900;RAINFOREST_RESIN;9996;1;9995;26;;;10002;5;10004;1;10005;26;9999.0;85.0
-1;6900;KELP;2024;27;;;;;2026;1;2027;27;;;2025.0;0.0
-1;7000;RAINFOREST_RESIN;9998;2;9995;27;;;10005;27;;;;;10001.5;85.0
-1;7000;KELP;2026;4;2024;27;;;2027;27;;;;;2026.5;0.0
-1;7100;KELP;2024;30;;;;;2027;30;;;;;2025.5;0.0
-1;7100;RAINFOREST_RESIN;9996;1;9995;29;;;10004;1;10005;29;;;10000.0;87.0
-1;7200;KELP;2024;28;;;;;2027;28;;;;;2025.5;0.0
-1;7200;RAINFOREST_RESIN;9998;5;9996;1;9995;27;10004;1;10005;27;;;10001.0;87.0
-1;7300;RAINFOREST_RESIN;10002;1;9996;2;9995;29;10004;2;10005;29;;;10003.0;87.0
-1;7300;KELP;2024;35;;;;;2027;31;;;;;2025.5;0.0
-1;7400;RAINFOREST_RESIN;9996;1;9995;22;;;10004;1;10005;22;;;10000.0;93.0
-1;7400;KELP;2024;22;;;;;2027;23;;;;;2025.5;0.0
-1;7500;KELP;2024;25;;;;;2027;25;;;;;2025.5;0.0
-1;7500;RAINFOREST_RESIN;9995;25;;;;;10002;10;10005;25;;;9998.5;93.0
-1;7600;KELP;2024;22;;;;;2027;22;;;;;2025.5;0.0
-1;7600;RAINFOREST_RESIN;9996;2;9995;20;;;10004;2;10005;20;;;10000.0;93.0
-1;7700;RAINFOREST_RESIN;9995;22;;;;;10005;22;;;;;10000.0;93.0
-1;7700;KELP;2024;21;;;;;2027;22;;;;;2025.5;0.0
-1;7800;RAINFOREST_RESIN;9998;3;9996;1;9995;22;10004;1;10005;22;;;10001.0;93.0
-1;7800;KELP;2024;23;;;;;2027;23;;;;;2025.5;0.0
-1;7900;KELP;2024;31;;;;;2027;27;;;;;2025.5;0.0
-1;7900;RAINFOREST_RESIN;9996;1;9995;26;;;10004;1;10005;26;;;10000.0;93.0
-1;8000;KELP;2024;27;;;;;2026;8;2027;27;;;2025.0;0.0
-1;8000;RAINFOREST_RESIN;9995;27;;;;;10005;27;;;;;10000.0;93.0
-1;8100;RAINFOREST_RESIN;9996;1;9995;22;;;10004;1;10005;22;;;10000.0;93.0
-1;8100;KELP;2023;23;;;;;2027;23;;;;;2025.0;0.0
-1;8200;RAINFOREST_RESIN;9995;23;;;;;10005;23;;;;;10000.0;111.0
-1;8200;KELP;2023;23;;;;;2025;1;2026;23;;;2024.0;0.0
-1;8300;KELP;2023;30;;;;;2026;30;;;;;2024.5;0.0
-1;8300;RAINFOREST_RESIN;9996;1;9995;29;;;10004;1;10005;29;;;10000.0;111.0
-1;8400;RAINFOREST_RESIN;9995;28;;;;;10005;28;;;;;10000.0;111.0
-1;8400;KELP;2023;28;;;;;2026;28;;;;;2024.5;0.0
-1;8500;KELP;2023;31;;;;;2026;31;;;;;2024.5;0.0
-1;8500;RAINFOREST_RESIN;9998;10;9996;2;9995;29;10004;2;10005;29;;;10001.0;111.0
-1;8600;RAINFOREST_RESIN;9996;1;9995;22;;;10004;1;10005;22;;;10000.0;111.0
-1;8600;KELP;2023;22;;;;;2026;23;;;;;2024.5;0.0
-1;8700;KELP;2023;27;;;;;2025;4;2026;27;;;2024.0;0.0
-1;8700;RAINFOREST_RESIN;9998;10;9995;27;;;10005;27;;;;;10001.5;111.0
-1;8800;RAINFOREST_RESIN;9995;25;;;;;9998;1;10005;25;;;9996.5;111.0
-1;8800;KELP;2024;7;2023;25;;;2027;25;;;;;2025.5;0.0
-1;8900;KELP;2024;1;2023;26;;;2027;26;;;;;2025.5;0.0
-1;8900;RAINFOREST_RESIN;9998;9;9995;26;;;10005;26;;;;;10001.5;113.0
-1;9000;RAINFOREST_RESIN;9996;2;9995;29;;;10004;2;10005;29;;;10000.0;113.0
-1;9000;KELP;2023;31;;;;;2027;31;;;;;2025.0;0.0
-1;9100;KELP;2023;29;;;;;2026;2;2027;27;;;2024.5;0.0
-1;9100;RAINFOREST_RESIN;9998;3;9996;2;9995;27;10004;2;10005;27;;;10001.0;113.0
-1;9200;RAINFOREST_RESIN;9998;10;9995;27;;;10005;27;;;;;10001.5;113.0
-1;9200;KELP;2023;27;;;;;2025;7;2026;27;;;2024.0;0.0
-1;9300;KELP;2023;21;;;;;2026;21;;;;;2024.5;0.0
-1;9300;RAINFOREST_RESIN;9996;1;9995;20;;;10004;1;10005;20;;;10000.0;113.0
-1;9400;RAINFOREST_RESIN;9998;2;9996;2;9995;21;10004;2;10005;21;;;10001.0;113.0
-1;9400;KELP;2023;23;;;;;2026;23;;;;;2024.5;0.0
-1;9500;KELP;2023;35;;;;;2026;31;;;;;2024.5;0.0
-1;9500;RAINFOREST_RESIN;9996;1;9995;30;;;10004;1;10005;30;;;10000.0;113.0
-1;9600;RAINFOREST_RESIN;9996;1;9995;30;;;10004;1;10005;30;;;10000.0;113.0
-1;9600;KELP;2023;31;;;;;2026;31;;;;;2024.5;0.0
-1;9700;KELP;2023;22;;;;;2026;22;;;;;2024.5;0.0
-1;9700;RAINFOREST_RESIN;9995;22;;;;;10002;1;10005;22;;;9998.5;113.0
-1;9800;RAINFOREST_RESIN;9995;26;;;;;10005;26;;;;;10000.0;113.0
-1;9800;KELP;2023;26;;;;;2026;26;;;;;2024.5;0.0
-1;9900;KELP;2025;4;2023;25;;;2026;25;;;;;2025.5;0.0
-1;9900;RAINFOREST_RESIN;9995;25;;;;;10005;25;;;;;10000.0;113.0
-1;10000;RAINFOREST_RESIN;9995;28;;;;;10005;28;;;;;10000.0;113.0
-1;10000;KELP;2023;36;;;;;2026;28;;;;;2024.5;0.0
-1;10100;KELP;2023;25;;;;;2026;25;;;;;2024.5;0.0
-1;10100;RAINFOREST_RESIN;9996;1;9995;24;;;10002;3;10004;1;10005;24;9999.0;113.0
-1;10200;RAINFOREST_RESIN;9996;2;9995;26;;;10004;2;10005;26;;;10000.0;113.0
-1;10200;KELP;2022;28;;;;;2026;28;;;;;2024.0;0.0
-1;10300;KELP;2024;1;2022;35;;;2025;27;;;;;2024.5;0.0
-1;10300;RAINFOREST_RESIN;9998;4;9995;27;;;10005;27;;;;;10001.5;113.0
-1;10400;RAINFOREST_RESIN;10002;1;9996;1;9995;28;10004;1;10005;28;;;10003.0;113.0
-1;10400;KELP;2023;1;2022;29;;;2026;29;;;;;2024.5;0.0
-1;10500;KELP;2023;2;2022;29;;;2026;31;;;;;2024.5;0.0
-1;10500;RAINFOREST_RESIN;9998;4;9996;2;9995;29;10004;2;10005;29;;;10001.0;115.0
-1;10600;RAINFOREST_RESIN;9996;2;9995;29;;;10000;4;10004;2;10005;29;9998.0;115.0
-1;10600;KELP;2022;31;;;;;2023;4;2024;4;2025;31;2022.5;0.0
-1;10700;KELP;2022;29;;;;;2025;28;;;;;2023.5;0.0
-1;10700;RAINFOREST_RESIN;9998;8;9995;28;;;10005;28;;;;;10001.5;115.0
-1;10800;RAINFOREST_RESIN;9998;5;9996;2;9995;22;10004;2;10005;22;;;10001.0;115.0
-1;10800;KELP;2022;27;;;;;2025;24;;;;;2023.5;0.0
-1;10900;KELP;2022;35;;;;;2025;28;;;;;2023.5;0.0
-1;10900;RAINFOREST_RESIN;9996;1;9995;27;;;10004;1;10005;27;;;10000.0;125.0
-1;11000;KELP;2024;7;2022;24;;;2025;24;;;;;2024.5;0.0
-1;11000;RAINFOREST_RESIN;9995;24;;;;;10002;7;10005;24;;;9998.5;125.0
-1;11100;RAINFOREST_RESIN;9998;3;9995;21;;;10005;21;;;;;10001.5;125.0
-1;11100;KELP;2022;21;;;;;2025;21;;;;;2023.5;0.0
-1;11200;RAINFOREST_RESIN;9996;2;9995;21;;;10002;7;10004;2;10005;21;9999.0;133.0
-1;11200;KELP;2022;23;;;;;2025;23;;;;;2023.5;0.0
-1;11300;KELP;2022;25;;;;;2025;22;;;;;2023.5;0.0
-1;11300;RAINFOREST_RESIN;9996;1;9995;21;;;10004;1;10005;21;;;10000.0;133.0
-1;11400;KELP;2022;26;;;;;2025;26;;;;;2023.5;0.0
-1;11400;RAINFOREST_RESIN;9996;1;9995;25;;;10004;1;10005;25;;;10000.0;133.0
-1;11500;RAINFOREST_RESIN;9996;1;9995;25;;;10002;7;10004;1;10005;25;9999.0;137.0
-1;11500;KELP;2022;26;;;;;2024;8;2025;26;;;2023.0;0.0
-1;11600;RAINFOREST_RESIN;9996;2;9995;27;;;10002;2;10004;2;10005;27;9999.0;137.0
-1;11600;KELP;2022;29;;;;;2026;29;;;;;2024.0;0.0
-1;11700;KELP;2022;23;;;;;2023;2;2026;23;;;2022.5;0.0
-1;11700;RAINFOREST_RESIN;9996;2;9995;21;;;10004;2;10005;21;;;10000.0;137.0
-1;11800;KELP;2022;29;;;;;2024;4;2026;29;;;2023.0;0.0
-1;11800;RAINFOREST_RESIN;9998;10;9995;29;;;10000;5;10005;29;;;9999.0;137.0
-1;11900;RAINFOREST_RESIN;9996;2;9995;30;;;10004;2;10005;30;;;10000.0;137.0
-1;11900;KELP;2023;2;2022;30;;;2024;3;2026;32;;;2023.5;0.0
-1;12000;RAINFOREST_RESIN;10002;1;9995;20;;;10005;20;;;;;10003.5;137.0
-1;12000;KELP;2023;20;;;;;2026;20;;;;;2024.5;0.0
-1;12100;KELP;2023;27;;;;;2025;1;2026;27;;;2024.0;0.0
-1;12100;RAINFOREST_RESIN;9996;2;9995;25;;;10004;2;10005;25;;;10000.0;139.0
-1;12200;KELP;2023;34;;;;;2026;30;;;;;2024.5;0.0
-1;12200;RAINFOREST_RESIN;9996;2;9995;28;;;10004;2;10005;28;;;10000.0;139.0
-1;12300;RAINFOREST_RESIN;9998;6;9996;1;9995;28;10004;1;10005;28;;;10001.0;139.0
-1;12300;KELP;2023;29;;;;;2026;29;;;;;2024.5;0.0
-1;12400;RAINFOREST_RESIN;9995;26;;;;;10005;26;;;;;10000.0;139.0
-1;12400;KELP;2023;30;;;;;2026;26;;;;;2024.5;0.0
-1;12500;KELP;2023;19;;;;;2026;20;;;;;2024.5;0.0
-1;12500;RAINFOREST_RESIN;9995;20;;;;;10005;20;;;;;10000.0;139.0
-1;12600;KELP;2023;22;;;;;2026;22;;;;;2024.5;0.0
-1;12600;RAINFOREST_RESIN;9995;22;;;;;10005;22;;;;;10000.0;139.0
-1;12700;RAINFOREST_RESIN;9996;2;9995;20;;;10004;2;10005;20;;;10000.0;139.0
-1;12700;KELP;2023;22;;;;;2026;22;;;;;2024.5;0.0
-1;12800;RAINFOREST_RESIN;9996;2;9995;20;;;10004;2;10005;20;;;10000.0;139.0
-1;12800;KELP;2023;22;;;;;2026;22;;;;;2024.5;0.0
-1;12900;KELP;2023;36;;;;;2026;29;;;;;2024.5;0.0
-1;12900;RAINFOREST_RESIN;9996;1;9995;28;;;10002;3;10004;1;10005;28;9999.0;139.0
-1;13000;KELP;2025;1;2023;6;2022;20;2026;20;;;;;2025.5;0.0
-1;13000;RAINFOREST_RESIN;10002;1;9995;20;;;10005;20;;;;;10003.5;139.0
-1;13100;RAINFOREST_RESIN;9996;1;9995;25;;;10004;1;10005;25;;;10000.0;141.0
-1;13100;KELP;2023;33;;;;;2026;26;;;;;2024.5;0.0
-1;13200;RAINFOREST_RESIN;9998;2;9995;22;;;10005;22;;;;;10001.5;141.0
-1;13200;KELP;2022;22;;;;;2025;5;2026;22;;;2023.5;0.0
-1;13300;KELP;2023;6;2022;24;;;2026;24;;;;;2024.5;0.0
-1;13300;RAINFOREST_RESIN;9995;24;;;;;10005;24;;;;;10000.0;141.0
-1;13400;KELP;2023;32;;;;;2026;32;;;;;2024.5;0.0
-1;13400;RAINFOREST_RESIN;9996;2;9995;30;;;10004;2;10005;30;;;10000.0;145.0
-1;13500;RAINFOREST_RESIN;9995;30;;;;;10005;30;;;;;10000.0;145.0
-1;13500;KELP;2022;30;;;;;2025;8;2026;30;;;2023.5;0.0
-1;13600;RAINFOREST_RESIN;9995;25;;;;;10002;10;10005;25;;;9998.5;145.0
-1;13600;KELP;2023;24;;;;;2025;3;2026;25;;;2024.0;0.0
-1;13700;KELP;2023;25;;;;;2026;21;;;;;2024.5;0.0
-1;13700;RAINFOREST_RESIN;9996;1;9995;20;;;9998;4;10004;1;10005;20;9997.0;145.0
-1;13800;KELP;2023;23;;;;;2026;22;;;;;2024.5;0.0
-1;13800;RAINFOREST_RESIN;9996;2;9995;20;;;10004;2;10005;20;;;10000.0;153.0
-1;13900;RAINFOREST_RESIN;9996;2;9995;20;;;10000;6;10004;2;10005;20;9998.0;153.0
-1;13900;KELP;2023;22;;;;;2024;6;2025;4;2026;22;2023.5;0.0
-1;14000;RAINFOREST_RESIN;9998;5;9996;2;9995;27;10004;2;10005;27;;;10001.0;153.0
-1;14000;KELP;2023;3;2022;29;;;2026;29;;;;;2024.5;0.0
-1;14100;KELP;2023;25;;;;;2025;1;2026;25;;;2024.0;0.0
-1;14100;RAINFOREST_RESIN;9996;2;9995;23;;;10004;2;10005;23;;;10000.0;153.0
-1;14200;KELP;2023;20;;;;;2026;21;;;;;2024.5;0.0
-1;14200;RAINFOREST_RESIN;9995;21;;;;;10005;21;;;;;10000.0;153.0
-1;14300;RAINFOREST_RESIN;9996;2;9995;27;;;10004;2;10005;27;;;10000.0;153.0
-1;14300;KELP;2022;29;;;;;2026;29;;;;;2024.0;0.0
-1;14400;RAINFOREST_RESIN;9996;1;9995;29;;;10004;1;10005;29;;;10000.0;153.0
-1;14400;KELP;2023;30;;;;;2026;30;;;;;2024.5;0.0
-1;14500;KELP;2023;24;;;;;2026;24;;;;;2024.5;0.0
-1;14500;RAINFOREST_RESIN;9995;24;;;;;10002;1;10005;24;;;9998.5;153.0
-1;14600;KELP;2022;28;;;;;2024;2;2026;28;;;2023.0;0.0
-1;14600;RAINFOREST_RESIN;9996;2;9995;26;;;10000;2;10004;2;10005;26;9998.0;153.0
-1;14700;RAINFOREST_RESIN;9995;30;;;;;10002;7;10005;30;;;9998.5;153.0
-1;14700;KELP;2022;30;;;;;2025;30;;;;;2023.5;0.0
-1;14800;RAINFOREST_RESIN;9995;28;;;;;10002;6;10005;28;;;9998.5;153.0
-1;14800;KELP;2022;28;;;;;2025;28;;;;;2023.5;0.0
-1;14900;KELP;2023;4;2022;26;;;2025;26;;;;;2024.0;0.0
-1;14900;RAINFOREST_RESIN;10000;4;9995;26;;;10005;26;;;;;10002.5;153.0
-1;15000;KELP;2024;8;2022;25;;;2025;25;;;;;2024.5;0.0
-1;15000;RAINFOREST_RESIN;9998;1;9995;25;;;10005;25;;;;;10001.5;153.0
-1;15100;RAINFOREST_RESIN;9995;22;;;;;10005;22;;;;;10000.0;153.0
-1;15100;KELP;2022;27;;;;;2025;22;;;;;2023.5;0.0
-1;15200;RAINFOREST_RESIN;9998;6;9995;27;;;10005;27;;;;;10001.5;153.0
-1;15200;KELP;2022;26;;;;;2025;27;;;;;2023.5;0.0
-1;15300;KELP;2022;26;;;;;2024;4;2025;26;;;2023.0;0.0
-1;15300;RAINFOREST_RESIN;9995;26;;;;;10002;1;10005;26;;;9998.5;153.0
-1;15400;KELP;2022;35;;;;;2025;30;;;;;2023.5;0.0
-1;15400;RAINFOREST_RESIN;9996;2;9995;28;;;9998;1;10004;2;10005;28;9997.0;156.0
-1;15500;RAINFOREST_RESIN;10002;1;9996;2;9995;29;10004;2;10005;29;;;10003.0;156.0
-1;15500;KELP;2022;31;;;;;2024;8;2025;31;;;2023.0;0.0
-1;15600;RAINFOREST_RESIN;9996;2;9995;24;;;10004;2;10005;24;;;10000.0;158.0
-1;15600;KELP;2022;31;;;;;2025;26;;;;;2023.5;0.0
-1;15700;KELP;2022;25;;;;;2025;25;;;;;2023.5;0.0
-1;15700;RAINFOREST_RESIN;10002;5;9996;1;9995;24;10004;1;10005;24;;;10003.0;160.0
-1;15800;KELP;2025;1;2022;22;;;2026;22;;;;;2025.5;0.0
-1;15800;RAINFOREST_RESIN;9998;10;9996;2;9995;20;10004;2;10005;20;;;10001.0;170.0
-1;15900;RAINFOREST_RESIN;9996;2;9995;29;;;10000;6;10004;2;10005;29;9998.0;170.0
-1;15900;KELP;2023;31;;;;;2024;6;2025;2;2026;31;2023.5;0.0
-1;16000;RAINFOREST_RESIN;9996;2;9995;27;;;10002;6;10004;2;10005;27;9999.0;170.0
-1;16000;KELP;2023;29;;;;;2025;2;2026;29;;;2024.0;0.0
-1;16100;KELP;2022;21;;;;;2023;2;2026;21;;;2022.5;0.0
-1;16100;RAINFOREST_RESIN;9995;21;;;;;10000;2;10002;10;10005;21;9997.5;170.0
-1;16200;KELP;2022;24;;;;;2023;1;2026;24;;;2022.5;0.0
-1;16200;RAINFOREST_RESIN;9995;24;;;;;9998;1;10005;24;;;9996.5;170.0
-1;16300;RAINFOREST_RESIN;9996;1;9995;22;;;10004;1;10005;22;;;10000.0;170.0
-1;16300;KELP;2023;2;2022;23;;;2026;23;;;;;2024.5;0.0
-1;16400;RAINFOREST_RESIN;9996;2;9995;30;;;10002;3;10004;2;10005;30;9999.0;177.0
-1;16400;KELP;2023;2;2022;30;;;2026;32;;;;;2024.5;0.0
-1;16500;KELP;2023;2;2022;21;;;2026;23;;;;;2024.5;0.0
-1;16500;RAINFOREST_RESIN;9996;2;9995;21;;;10002;7;10004;2;10005;21;9999.0;177.0
-1;16600;KELP;2022;30;;;;;2023;1;2026;30;;;2022.5;0.0
-1;16600;RAINFOREST_RESIN;9998;4;9996;2;9995;28;10004;2;10005;28;;;10001.0;177.0
-1;16700;RAINFOREST_RESIN;10002;1;9995;26;;;10005;26;;;;;10003.5;177.0
-1;16700;KELP;2025;1;2022;26;;;2026;26;;;;;2025.5;0.0
-1;16800;RAINFOREST_RESIN;9995;26;;;;;10005;26;;;;;10000.0;179.0
-1;16800;KELP;2022;26;;;;;2026;26;;;;;2024.0;0.0
-1;16900;KELP;2023;1;2022;25;;;2026;26;;;;;2024.5;0.0
-1;16900;RAINFOREST_RESIN;9996;1;9995;25;;;10004;1;10005;25;;;10000.0;189.0
-1;17000;KELP;2023;29;;;;;2026;29;;;;;2024.5;0.0
-1;17000;RAINFOREST_RESIN;9998;9;9995;29;;;10005;29;;;;;10001.5;189.0
-1;17100;KELP;2023;23;;;;;2026;23;;;;;2024.5;0.0
-1;17100;RAINFOREST_RESIN;9996;2;9995;21;;;10004;2;10005;21;;;10000.0;189.0
-1;17200;RAINFOREST_RESIN;9998;3;9996;2;9995;22;10004;2;10005;22;;;10001.0;189.0
-1;17200;KELP;2023;24;;;;;2026;24;;;;;2024.5;0.0
-1;17300;KELP;2023;25;;;;;2025;6;2026;25;;;2024.0;0.0
-1;17300;RAINFOREST_RESIN;9996;2;9995;23;;;10002;9;10004;2;10005;23;9999.0;189.0
-1;17400;RAINFOREST_RESIN;10000;6;9998;7;9995;28;10005;28;;;;;10002.5;189.0
-1;17400;KELP;2024;6;2023;28;;;2026;28;;;;;2025.0;0.0
-1;17500;KELP;2023;26;;;;;2027;26;;;;;2025.0;0.0
-1;17500;RAINFOREST_RESIN;9995;26;;;;;10005;26;;;;;10000.0;189.0
-1;17600;RAINFOREST_RESIN;9998;6;9995;30;;;10005;30;;;;;10001.5;189.0
-1;17600;KELP;2023;30;;;;;2026;30;;;;;2024.5;0.0
-1;17700;KELP;2025;1;2023;29;;;2026;29;;;;;2025.5;0.0
-1;17700;RAINFOREST_RESIN;9996;2;9995;27;;;10004;2;10005;27;;;10000.0;189.0
-1;17800;RAINFOREST_RESIN;9996;2;9995;24;;;10002;5;10004;2;10005;24;9999.0;189.0
-1;17800;KELP;2023;26;;;;;2026;2;2027;24;;;2024.5;0.0
-1;17900;KELP;2023;23;;;;;2027;23;;;;;2025.0;0.0
-1;17900;RAINFOREST_RESIN;9995;23;;;;;10005;23;;;;;10000.0;189.0
-1;18000;RAINFOREST_RESIN;9996;2;9995;25;;;10004;2;10005;25;;;10000.0;189.0
-1;18000;KELP;2023;27;;;;;2026;27;;;;;2024.5;0.0
-1;18100;KELP;2023;20;;;;;2027;20;;;;;2025.0;0.0
-1;18100;RAINFOREST_RESIN;9995;20;;;;;10005;20;;;;;10000.0;189.0
-1;18200;RAINFOREST_RESIN;9996;1;9995;25;;;10004;1;10005;25;;;10000.0;189.0
-1;18200;KELP;2024;21;;;;;2027;26;;;;;2025.5;0.0
-1;18300;KELP;2023;25;;;;;2027;25;;;;;2025.0;0.0
-1;18300;RAINFOREST_RESIN;9996;2;9995;23;;;10004;2;10005;23;;;10000.0;189.0
-1;18400;RAINFOREST_RESIN;9996;2;9995;23;;;10004;2;10005;23;;;10000.0;189.0
-1;18400;KELP;2024;25;;;;;2026;5;2027;25;;;2025.0;0.0
-1;18500;KELP;2024;29;;;;;2025;1;2027;29;;;2024.5;0.0
-1;18500;RAINFOREST_RESIN;9995;29;;;;;10000;2;10005;29;;;9997.5;189.0
-1;18600;RAINFOREST_RESIN;10002;1;9995;20;;;10005;20;;;;;10003.5;189.0
-1;18600;KELP;2024;20;;;;;2026;5;2027;20;;;2025.0;0.0
-1;18700;KELP;2024;22;;;;;2027;22;;;;;2025.5;0.0
-1;18700;RAINFOREST_RESIN;9995;22;;;;;10005;22;;;;;10000.0;191.0
-1;18800;RAINFOREST_RESIN;9996;2;9995;26;;;10004;2;10005;26;;;10000.0;191.0
-1;18800;KELP;2024;28;;;;;2027;28;;;;;2025.5;0.0
-1;18900;KELP;2024;22;;;;;2027;22;;;;;2025.5;0.0
-1;18900;RAINFOREST_RESIN;9998;2;9995;22;;;10005;22;;;;;10001.5;191.0
-1;19000;RAINFOREST_RESIN;9996;2;9995;26;;;10004;2;10005;26;;;10000.0;191.0
-1;19000;KELP;2024;18;;;;;2027;28;;;;;2025.5;0.0
-1;19100;KELP;2024;28;;;;;2027;28;;;;;2025.5;0.0
-1;19100;RAINFOREST_RESIN;9996;2;9995;26;;;10004;2;10005;26;;;10000.0;191.0
-1;19200;RAINFOREST_RESIN;9996;1;9995;20;;;9998;1;10004;1;10005;20;9997.0;191.0
-1;19200;KELP;2024;21;;;;;2027;21;;;;;2025.5;0.0
-1;19300;KELP;2024;23;;;;;2027;23;;;;;2025.5;0.0
-1;19300;RAINFOREST_RESIN;9996;2;9995;21;;;10004;2;10005;21;;;10000.0;193.0
-1;19400;RAINFOREST_RESIN;9995;26;;;;;10005;26;;;;;10000.0;195.0
-1;19400;KELP;2023;26;;;;;2027;26;;;;;2025.0;0.0
-1;19500;KELP;2024;23;;;;;2027;23;;;;;2025.5;0.0
-1;19500;RAINFOREST_RESIN;9995;23;;;;;10005;23;;;;;10000.0;195.0
-1;19600;RAINFOREST_RESIN;9996;2;9995;27;;;10004;2;10005;27;;;10000.0;195.0
-1;19600;KELP;2024;2;2023;27;;;2027;29;;;;;2025.5;0.0
-1;19700;KELP;2024;31;;;;;2026;7;2027;32;;;2025.0;0.0
-1;19700;RAINFOREST_RESIN;10002;1;9996;2;9995;30;10004;2;10005;30;;;10003.0;195.0
-1;19800;RAINFOREST_RESIN;9996;2;9995;29;;;10004;2;10005;29;;;10000.0;197.0
-1;19800;KELP;2024;31;;;;;2027;31;;;;;2025.5;0.0
-1;19900;KELP;2024;32;;;;;2027;32;;;;;2025.5;0.0
-1;19900;RAINFOREST_RESIN;9996;2;9995;30;;;10004;2;10005;30;;;10000.0;197.0
-1;20000;KELP;2024;2;2023;27;;;2027;27;;;;;2025.5;0.0
-1;20000;RAINFOREST_RESIN;9995;27;;;;;10002;4;10005;27;;;9998.5;197.0
-1;20100;RAINFOREST_RESIN;10002;1;9996;1;9995;30;10004;1;10005;30;;;10003.0;197.0
-1;20100;KELP;2023;31;;;;;2025;4;2027;31;;;2024.0;0.0
-1;20200;RAINFOREST_RESIN;9995;29;;;;;9998;1;10005;29;;;9996.5;199.0
-1;20200;KELP;2023;29;;;;;2027;29;;;;;2025.0;0.0
-1;20300;KELP;2024;26;;;;;2027;27;;;;;2025.5;0.0
-1;20300;RAINFOREST_RESIN;9995;27;;;;;10005;27;;;;;10000.0;201.0
-1;20400;KELP;2024;30;;;;;2025;4;2027;29;;;2024.5;0.0
-1;20400;RAINFOREST_RESIN;9996;1;9995;28;;;10000;4;10004;1;10005;28;9998.0;201.0
-1;20500;RAINFOREST_RESIN;10000;3;9996;2;9995;30;10004;2;10005;30;;;10002.0;201.0
-1;20500;KELP;2025;4;2024;7;2023;30;2027;32;;;;;2026.0;0.0
-1;20600;RAINFOREST_RESIN;9996;2;9995;26;;;10004;2;10005;26;;;10000.0;201.0
-1;20600;KELP;2023;28;;;;;2027;28;;;;;2025.0;0.0
-1;20700;KELP;2025;6;2023;22;;;2027;22;;;;;2026.0;0.0
-1;20700;RAINFOREST_RESIN;10002;1;10000;6;9998;4;10005;22;;;;;10003.5;201.0
-1;20800;KELP;2024;2;2023;22;;;2027;24;;;;;2025.5;0.0
-1;20800;RAINFOREST_RESIN;9996;2;9995;22;;;10004;2;10005;22;;;10000.0;203.0
-1;20900;RAINFOREST_RESIN;9995;23;;;;;10005;23;;;;;10000.0;203.0
-1;20900;KELP;2026;1;2023;23;;;2027;23;;;;;2026.5;0.0
-1;21000;RAINFOREST_RESIN;9996;2;9995;26;;;10004;2;10005;26;;;10000.0;203.0
-1;21000;KELP;2024;28;;;;;2027;28;;;;;2025.5;0.0
-1;21100;KELP;2024;2;2023;22;;;2027;24;;;;;2025.5;0.0
-1;21100;RAINFOREST_RESIN;9996;2;9995;22;;;10004;2;10005;22;;;10000.0;203.0
-1;21200;KELP;2024;22;;;;;2027;22;;;;;2025.5;0.0
-1;21200;RAINFOREST_RESIN;9995;22;;;;;9998;1;10005;22;;;9996.5;203.0
-1;21300;RAINFOREST_RESIN;9996;1;9995;29;;;10002;7;10004;1;10005;29;9999.0;205.0
-1;21300;KELP;2024;1;2023;29;;;2027;30;;;;;2025.5;0.0
-1;21400;RAINFOREST_RESIN;9995;28;;;;;10005;28;;;;;10000.0;221.0
-1;21400;KELP;2024;28;;;;;2027;28;;;;;2025.5;0.0
-1;21500;KELP;2026;4;2024;21;;;2027;21;;;;;2026.5;0.0
-1;21500;RAINFOREST_RESIN;9996;1;9995;20;;;10004;1;10005;20;;;10000.0;221.0
-1;21600;KELP;2024;27;;;;;2027;2;2028;25;;;2025.5;0.0
-1;21600;RAINFOREST_RESIN;10002;12;9996;2;9995;25;10004;2;10005;25;;;10003.0;221.0
-1;21700;RAINFOREST_RESIN;9998;8;9996;2;9995;29;10004;2;10005;29;;;10001.0;233.0
-1;21700;KELP;2024;31;;;;;2027;31;;;;;2025.5;0.0
-1;21800;RAINFOREST_RESIN;9996;2;9995;22;;;10004;2;10005;22;;;10000.0;233.0
-1;21800;KELP;2024;24;;;;;2028;24;;;;;2026.0;0.0
-1;21900;KELP;2024;22;;;;;2028;22;;;;;2026.0;0.0
-1;21900;RAINFOREST_RESIN;10002;3;9996;1;9995;21;10004;1;10005;21;;;10003.0;233.0
-1;22000;KELP;2024;21;;;;;2028;21;;;;;2026.0;0.0
-1;22000;RAINFOREST_RESIN;9995;21;;;;;10005;21;;;;;10000.0;239.0
-1;22100;RAINFOREST_RESIN;9996;2;9995;22;;;10002;7;10004;2;10005;22;9999.0;239.0
-1;22100;KELP;2024;23;;;;;2027;24;;;;;2025.5;0.0
-1;22200;RAINFOREST_RESIN;9998;6;9996;1;9995;20;10004;1;10005;20;;;10001.0;239.0
-1;22200;KELP;2024;21;;;;;2027;21;;;;;2025.5;0.0
-1;22300;KELP;2023;29;;;;;2026;1;2027;28;;;2024.5;0.0
-1;22300;RAINFOREST_RESIN;9996;1;9995;28;;;10004;1;10005;28;;;10000.0;249.0
-1;22400;KELP;2023;29;;;;;2026;29;;;;;2024.5;0.0
-1;22400;RAINFOREST_RESIN;9996;2;9995;27;;;9998;1;10004;2;10005;27;9997.0;249.0
-1;22500;RAINFOREST_RESIN;9996;2;9995;29;;;10004;2;10005;29;;;10000.0;265.0
-1;22500;KELP;2023;31;;;;;2026;31;;;;;2024.5;0.0
-1;22600;RAINFOREST_RESIN;10000;6;9998;6;9996;2;10004;2;10005;20;;;10002.0;265.0
-1;22600;KELP;2024;6;2023;26;;;2026;22;;;;;2025.0;0.0
-1;22700;KELP;2023;25;;;;;2026;26;;;;;2024.5;0.0
-1;22700;RAINFOREST_RESIN;9996;2;9995;24;;;10004;2;10005;24;;;10000.0;265.0
-1;22800;KELP;2023;27;;;;;2026;28;;;;;2024.5;0.0
-1;22800;RAINFOREST_RESIN;9996;1;9995;27;;;9998;2;10004;1;10005;27;9997.0;265.0
-1;22900;RAINFOREST_RESIN;9996;2;9995;30;;;10002;8;10004;2;10005;30;9999.0;265.0
-1;22900;KELP;2023;2;2022;30;;;2026;32;;;;;2024.5;0.0
-1;23000;RAINFOREST_RESIN;9996;1;9995;21;;;10004;1;10005;21;;;10000.0;265.0
-1;23000;KELP;2022;22;;;;;2026;22;;;;;2024.0;0.0
-1;23100;KELP;2023;23;;;;;2026;23;;;;;2024.5;0.0
-1;23100;RAINFOREST_RESIN;9998;8;9995;23;;;10005;23;;;;;10001.5;265.0
-1;23200;KELP;2023;2;2022;29;;;2024;3;2026;31;;;2023.5;0.0
-1;23200;RAINFOREST_RESIN;9998;5;9996;2;9995;29;10004;2;10005;29;;;10001.0;265.0
-1;23300;RAINFOREST_RESIN;9996;1;9995;29;;;10004;1;10005;29;;;10000.0;265.0
-1;23300;KELP;2023;30;;;;;2026;30;;;;;2024.5;0.0
-1;23400;RAINFOREST_RESIN;9996;1;9995;29;;;10004;1;10005;29;;;10000.0;265.0
-1;23400;KELP;2023;30;;;;;2026;30;;;;;2024.5;0.0
-1;23500;KELP;2023;29;;;;;2025;4;2026;30;;;2024.0;0.0
-1;23500;RAINFOREST_RESIN;9998;8;9996;2;9995;28;10004;2;10005;28;;;10001.0;265.0
-1;23600;KELP;2022;27;;;;;2026;27;;;;;2024.0;0.0
-1;23600;RAINFOREST_RESIN;9995;27;;;;;10005;27;;;;;10000.0;265.0
-1;23700;RAINFOREST_RESIN;10002;1;9996;2;9995;21;10004;2;10005;21;;;10003.0;265.0
-1;23700;KELP;2023;2;2022;21;;;2025;7;2026;23;;;2024.0;0.0
-1;23800;RAINFOREST_RESIN;9995;30;;;;;10005;30;;;;;10000.0;283.0
-1;23800;KELP;2024;1;2022;30;;;2026;30;;;;;2025.0;0.0
-1;23900;KELP;2025;1;2023;1;2022;30;2026;30;;;;;2025.5;0.0
-1;23900;RAINFOREST_RESIN;9995;30;;;;;10005;30;;;;;10000.0;283.0
-1;24000;KELP;2022;29;;;;;2026;29;;;;;2024.0;0.0
-1;24000;RAINFOREST_RESIN;9998;9;9995;29;;;10005;29;;;;;10001.5;283.0
-1;24100;RAINFOREST_RESIN;9996;1;9995;25;;;10004;1;10005;25;;;10000.0;283.0
-1;24100;KELP;2023;1;2022;25;;;2025;3;2026;26;;;2024.0;0.0
-1;24200;RAINFOREST_RESIN;9996;2;9995;28;;;10002;6;10004;2;10005;28;9999.0;297.0
-1;24200;KELP;2023;30;;;;;2026;30;;;;;2024.5;0.0
-1;24300;KELP;2023;26;;;;;2026;26;;;;;2024.5;0.0
-1;24300;RAINFOREST_RESIN;9996;2;9995;24;;;10002;1;10004;2;10005;24;9999.0;297.0
-1;24400;KELP;2025;1;2023;22;;;2026;22;;;;;2025.5;0.0
-1;24400;RAINFOREST_RESIN;10002;1;9998;4;9996;1;10004;1;10005;21;;;10003.0;297.0
-1;24500;RAINFOREST_RESIN;10002;1;9996;1;9995;25;10004;1;10005;25;;;10003.0;299.0
-1;24500;KELP;2022;26;;;;;2026;26;;;;;2024.0;0.0
-1;24600;RAINFOREST_RESIN;9995;24;;;;;9998;2;10005;24;;;9996.5;305.0
-1;24600;KELP;2022;24;;;;;2024;2;2026;24;;;2023.0;0.0
-1;24700;KELP;2023;25;;;;;2026;25;;;;;2024.5;0.0
-1;24700;RAINFOREST_RESIN;9995;25;;;;;10005;25;;;;;10000.0;309.0
-1;24800;KELP;2022;23;;;;;2026;23;;;;;2024.0;0.0
-1;24800;RAINFOREST_RESIN;9995;23;;;;;10005;23;;;;;10000.0;309.0
-1;24900;RAINFOREST_RESIN;10002;1;9996;1;9995;22;10004;1;10005;22;;;10003.0;309.0
-1;24900;KELP;2024;4;2022;23;;;2026;23;;;;;2025.0;0.0
-1;25000;RAINFOREST_RESIN;9995;23;;;;;10005;23;;;;;10000.0;311.0
-1;25000;KELP;2023;23;;;;;2026;23;;;;;2024.5;0.0
-1;25100;KELP;2022;25;;;;;2024;4;2026;25;;;2023.0;0.0
-1;25100;RAINFOREST_RESIN;10002;1;9995;25;;;10005;25;;;;;10003.5;311.0
-1;25200;KELP;2023;1;2022;24;;;2025;3;2026;25;;;2024.0;0.0
-1;25200;RAINFOREST_RESIN;9996;1;9995;24;;;9998;5;10004;1;10005;24;9997.0;313.0
-1;25300;RAINFOREST_RESIN;9996;2;9995;22;;;10004;2;10005;22;;;10000.0;323.0
-1;25300;KELP;2023;4;2022;22;;;2026;24;;;;;2024.5;0.0
-1;25400;RAINFOREST_RESIN;9996;1;9995;29;;;10004;1;10005;29;;;10000.0;323.0
-1;25400;KELP;2025;8;2023;30;;;2026;30;;;;;2025.5;0.0
-1;25500;KELP;2022;21;;;;;2025;21;;;;;2023.5;0.0
-1;25500;RAINFOREST_RESIN;9996;1;9995;20;;;9998;6;10002;9;10004;1;9997.0;323.0
-1;25600;KELP;2023;31;;;;;2026;23;;;;;2024.5;0.0
-1;25600;RAINFOREST_RESIN;9996;1;9995;22;;;10002;7;10004;1;10005;22;9999.0;331.0
-1;25700;RAINFOREST_RESIN;9996;2;9995;30;;;10004;2;10005;30;;;10000.0;331.0
-1;25700;KELP;2023;32;;;;;2025;6;2026;32;;;2024.0;0.0
-1;25800;RAINFOREST_RESIN;10002;4;9995;24;;;10005;24;;;;;10003.5;337.0
-1;25800;KELP;2023;23;;;;;2026;24;;;;;2024.5;0.0
-1;25900;KELP;2023;25;;;;;2026;25;;;;;2024.5;0.0
-1;25900;RAINFOREST_RESIN;9996;2;9995;23;;;10004;2;10005;23;;;10000.0;345.0
-1;26000;RAINFOREST_RESIN;9996;2;9995;27;;;10004;2;10005;27;;;10000.0;345.0
-1;26000;KELP;2023;22;;;;;2026;29;;;;;2024.5;0.0
-1;26100;KELP;2023;20;;;;;2026;20;;;;;2024.5;0.0
-1;26100;RAINFOREST_RESIN;9998;7;9995;20;;;10005;20;;;;;10001.5;345.0
-1;26200;RAINFOREST_RESIN;9996;1;9995;22;;;10004;1;10005;22;;;10000.0;345.0
-1;26200;KELP;2023;23;;;;;2026;23;;;;;2024.5;0.0
-1;26300;KELP;2023;30;;;;;2026;30;;;;;2024.5;0.0
-1;26300;RAINFOREST_RESIN;9996;1;9995;29;;;9998;1;10004;1;10005;29;9997.0;345.0
-1;26400;RAINFOREST_RESIN;9995;22;;;;;10005;22;;;;;10000.0;347.0
-1;26400;KELP;2023;27;;;;;2026;22;;;;;2024.5;0.0
-1;26500;KELP;2023;24;;;;;2026;24;;;;;2024.5;0.0
-1;26500;RAINFOREST_RESIN;9996;1;9995;23;;;10004;1;10005;23;;;10000.0;347.0
-1;26600;RAINFOREST_RESIN;9996;2;9995;28;;;9998;1;10004;2;10005;28;9997.0;347.0
-1;26600;KELP;2023;36;;;;;2026;30;;;;;2024.5;0.0
-1;26700;KELP;2023;24;;;;;2025;6;2026;24;;;2024.0;0.0
-1;26700;RAINFOREST_RESIN;9998;2;9996;1;9995;23;10004;1;10005;23;;;10001.0;347.0
-1;26800;RAINFOREST_RESIN;9996;2;9995;28;;;10004;2;10005;28;;;10000.0;347.0
-1;26800;KELP;2025;1;2023;30;;;2026;30;;;;;2025.5;0.0
-1;26900;KELP;2023;29;;;;;2026;30;;;;;2024.5;0.0
-1;26900;RAINFOREST_RESIN;10002;1;9995;30;;;10005;30;;;;;10003.5;347.0
-1;27000;RAINFOREST_RESIN;9995;28;;;;;10002;1;10005;28;;;9998.5;349.0
-1;27000;KELP;2023;30;;;;;2026;28;;;;;2024.5;0.0
-1;27100;KELP;2023;27;;;;;2026;24;;;;;2024.5;0.0
-1;27100;RAINFOREST_RESIN;9995;24;;;;;10005;24;;;;;10000.0;349.0
-1;27200;RAINFOREST_RESIN;9998;2;9995;21;;;10005;21;;;;;10001.5;349.0
-1;27200;KELP;2023;21;;;;;2025;2;2026;21;;;2024.0;0.0
-1;27300;KELP;2025;1;2023;31;;;2026;31;;;;;2025.5;0.0
-1;27300;RAINFOREST_RESIN;9996;2;9995;29;;;10004;2;10005;29;;;10000.0;349.0
-1;27400;RAINFOREST_RESIN;9995;21;;;;;10005;21;;;;;10000.0;349.0
-1;27400;KELP;2023;21;;;;;2026;21;;;;;2024.5;0.0
-1;27500;KELP;2023;23;;;;;2025;6;2026;23;;;2024.0;0.0
-1;27500;RAINFOREST_RESIN;9996;1;9995;22;;;10004;1;10005;22;;;10000.0;349.0
-1;27600;RAINFOREST_RESIN;9998;5;9995;24;;;10005;24;;;;;10001.5;349.0
-1;27600;KELP;2023;30;;;;;2026;24;;;;;2024.5;0.0
-1;27700;KELP;2023;19;;;;;2026;24;;;;;2024.5;0.0
-1;27700;RAINFOREST_RESIN;9995;24;;;;;10005;24;;;;;10000.0;349.0
-1;27800;RAINFOREST_RESIN;9998;9;9996;2;9995;26;10004;2;10005;26;;;10001.0;349.0
-1;27800;KELP;2023;28;;;;;2025;3;2026;28;;;2024.0;0.0
-1;27900;KELP;2025;1;2023;29;;;2026;29;;;;;2025.5;0.0
-1;27900;RAINFOREST_RESIN;9996;2;9995;27;;;10002;4;10004;2;10005;27;9999.0;349.0
-1;28000;RAINFOREST_RESIN;9998;2;9995;28;;;10005;28;;;;;10001.5;349.0
-1;28000;KELP;2023;28;;;;;2026;28;;;;;2024.5;0.0
-1;28100;KELP;2023;26;;;;;2026;26;;;;;2024.5;0.0
-1;28100;RAINFOREST_RESIN;9996;2;9995;24;;;10004;2;10005;24;;;10000.0;349.0
-1;28200;RAINFOREST_RESIN;9996;1;9995;25;;;9998;2;10004;1;10005;25;9997.0;349.0
-1;28200;KELP;2023;26;;;;;2025;5;2026;1;2027;25;2024.0;0.0
-1;28300;KELP;2023;24;;;;;2024;2;2027;24;;;2023.5;0.0
-1;28300;RAINFOREST_RESIN;9996;1;9995;23;;;10004;1;10005;23;;;10000.0;349.0
-1;28400;RAINFOREST_RESIN;9996;2;9995;23;;;10004;2;10005;23;;;10000.0;349.0
-1;28400;KELP;2023;24;;;;;2027;25;;;;;2025.0;0.0
-1;28500;KELP;2023;23;;;;;2027;23;;;;;2025.0;0.0
-1;28500;RAINFOREST_RESIN;9998;10;9995;23;;;10005;23;;;;;10001.5;349.0
-1;28600;RAINFOREST_RESIN;10002;1;9996;2;9995;21;10004;2;10005;21;;;10003.0;349.0
-1;28600;KELP;2023;23;;;;;2025;8;2027;23;;;2024.0;0.0
-1;28700;RAINFOREST_RESIN;9995;30;;;;;10005;30;;;;;10000.0;351.0
-1;28700;KELP;2023;30;;;;;2027;30;;;;;2025.0;0.0
-1;28800;RAINFOREST_RESIN;9995;27;;;;;10005;27;;;;;10000.0;351.0
-1;28800;KELP;2024;27;;;;;2027;27;;;;;2025.5;0.0
-1;28900;KELP;2024;26;;;;;2027;22;;;;;2025.5;0.0
-1;28900;RAINFOREST_RESIN;9998;7;9996;1;9995;21;10004;1;10005;21;;;10001.0;351.0
-1;29000;KELP;2024;23;;;;;2027;24;;;;;2025.5;0.0
-1;29000;RAINFOREST_RESIN;9995;24;;;;;10005;24;;;;;10000.0;351.0
-1;29100;RAINFOREST_RESIN;9996;2;9995;26;;;10004;2;10005;26;;;10000.0;361.0
-1;29100;KELP;2024;31;;;;;2027;28;;;;;2025.5;0.0
-1;29200;RAINFOREST_RESIN;9996;1;9995;30;;;10004;1;10005;30;;;10000.0;361.0
-1;29200;KELP;2026;1;2024;31;;;2027;31;;;;;2026.5;0.0
-1;29300;KELP;2024;32;;;;;2026;2;2027;32;;;2025.0;0.0
-1;29300;RAINFOREST_RESIN;9996;2;9995;30;;;10002;3;10004;2;10005;30;9999.0;361.0
-1;29400;KELP;2024;25;;;;;2027;26;;;;;2025.5;0.0
-1;29400;RAINFOREST_RESIN;10002;1;9996;1;9995;25;10004;1;10005;25;;;10003.0;361.0
-1;29500;RAINFOREST_RESIN;9996;2;9995;27;;;10004;2;10005;27;;;10000.0;363.0
-1;29500;KELP;2024;31;;;;;2027;29;;;;;2025.5;0.0
-1;29600;RAINFOREST_RESIN;9996;2;9995;28;;;10004;2;10005;28;;;10000.0;363.0
-1;29600;KELP;2024;2;2023;28;;;2025;3;2027;30;;;2024.5;0.0
-1;29700;KELP;2024;28;;;;;2027;26;;;;;2025.5;0.0
-1;29700;RAINFOREST_RESIN;9996;1;9995;25;;;10002;4;10004;1;10005;25;9999.0;363.0
-1;29800;KELP;2024;31;;;;;2026;1;2027;1;2028;30;2025.0;0.0
-1;29800;RAINFOREST_RESIN;9998;6;9996;1;9995;30;10004;1;10005;30;;;10001.0;363.0
-1;29900;RAINFOREST_RESIN;9995;21;;;;;10005;21;;;;;10000.0;363.0
-1;29900;KELP;2025;8;2024;21;;;2028;21;;;;;2026.5;0.0
-1;30000;RAINFOREST_RESIN;9998;3;9996;1;9995;30;10004;1;10005;30;;;10001.0;363.0
-1;30000;KELP;2024;31;;;;;2028;31;;;;;2026.0;0.0
-1;30100;KELP;2024;30;;;;;2027;30;;;;;2025.5;0.0
-1;30100;RAINFOREST_RESIN;9996;2;9995;28;;;10004;2;10005;28;;;10000.0;365.0
-1;30200;KELP;2024;22;;;;;2027;22;;;;;2025.5;0.0
-1;30200;RAINFOREST_RESIN;9996;2;9995;20;;;10004;2;10005;20;;;10000.0;365.0
-1;30300;RAINFOREST_RESIN;9996;2;9995;29;;;10002;9;10004;2;10005;29;9999.0;365.0
-1;30300;KELP;2026;1;2024;31;;;2027;31;;;;;2026.5;0.0
-1;30400;RAINFOREST_RESIN;10000;5;9996;2;9995;29;10002;8;10004;2;10005;29;10001.0;365.0
-1;30400;KELP;2025;5;2024;31;;;2027;31;;;;;2026.0;0.0
-1;30500;KELP;2024;22;;;;;2027;22;;;;;2025.5;0.0
-1;30500;RAINFOREST_RESIN;9998;5;9996;2;9995;20;10004;2;10005;20;;;10001.0;365.0
-1;30600;KELP;2024;1;2023;20;;;2027;22;;;;;2025.5;0.0
-1;30600;RAINFOREST_RESIN;9996;2;9995;20;;;10002;4;10004;2;10005;20;9999.0;365.0
-1;30700;RAINFOREST_RESIN;9995;30;;;;;10005;30;;;;;10000.0;365.0
-1;30700;KELP;2024;30;;;;;2027;30;;;;;2025.5;0.0
-1;30800;RAINFOREST_RESIN;9996;1;9995;30;;;10004;1;10005;30;;;10000.0;365.0
-1;30800;KELP;2024;4;2023;30;;;2027;31;;;;;2025.5;0.0
-1;30900;KELP;2023;30;;;;;2025;7;2026;30;;;2024.0;0.0
-1;30900;RAINFOREST_RESIN;9996;2;9995;28;;;10002;6;10004;2;10005;28;9999.0;365.0
-1;31000;KELP;2024;4;2023;30;;;2026;23;;;;;2025.0;0.0
-1;31000;RAINFOREST_RESIN;10000;4;9996;1;9995;22;10004;1;10005;22;;;10002.0;365.0
-1;31100;RAINFOREST_RESIN;9996;2;9995;27;;;10004;2;10005;27;;;10000.0;365.0
-1;31100;KELP;2023;29;;;;;2026;2;2027;27;;;2024.5;0.0
-1;31200;RAINFOREST_RESIN;9996;2;9995;29;;;10002;6;10004;2;10005;29;9999.0;365.0
-1;31200;KELP;2023;31;;;;;2026;31;;;;;2024.5;0.0
-1;31300;KELP;2023;24;;;;;2026;24;;;;;2024.5;0.0
-1;31300;RAINFOREST_RESIN;9996;1;9995;23;;;10004;1;10005;23;;;10000.0;365.0
-1;31400;KELP;2023;26;;;;;2026;26;;;;;2024.5;0.0
-1;31400;RAINFOREST_RESIN;9995;26;;;;;9998;1;10005;26;;;9996.5;365.0
-1;31500;RAINFOREST_RESIN;9995;30;;;;;10005;30;;;;;10000.0;365.0
-1;31500;KELP;2023;35;;;;;2026;30;;;;;2024.5;0.0
-1;31600;RAINFOREST_RESIN;9995;27;;;;;10005;27;;;;;10000.0;365.0
-1;31600;KELP;2025;1;2023;27;;;2026;27;;;;;2025.5;0.0
-1;31700;KELP;2023;24;;;;;2025;3;2026;24;;;2024.0;0.0
-1;31700;RAINFOREST_RESIN;9996;2;9995;22;;;10004;2;10005;22;;;10000.0;365.0
-1;31800;KELP;2024;6;2023;26;;;2026;1;2027;25;;;2025.0;0.0
-1;31800;RAINFOREST_RESIN;10000;6;9996;1;9995;25;10004;1;10005;25;;;10002.0;365.0
-1;31900;RAINFOREST_RESIN;9998;3;9995;28;;;10005;28;;;;;10001.5;365.0
-1;31900;KELP;2024;4;2023;28;;;2027;28;;;;;2025.5;0.0
-1;32000;RAINFOREST_RESIN;9996;1;9995;24;;;10004;1;10005;24;;;10000.0;369.0
-1;32000;KELP;2024;2;2023;25;;;2026;1;2027;24;;;2025.0;0.0
-1;32100;KELP;2023;29;;;;;2026;29;;;;;2024.5;0.0
-1;32100;RAINFOREST_RESIN;9996;1;9995;28;;;10004;1;10005;28;;;10000.0;369.0
-1;32200;KELP;2023;28;;;;;2027;28;;;;;2025.0;0.0
-1;32200;RAINFOREST_RESIN;9996;1;9995;27;;;10004;1;10005;27;;;10000.0;369.0
-1;32300;RAINFOREST_RESIN;9995;25;;;;;10005;25;;;;;10000.0;369.0
-1;32300;KELP;2023;25;;;;;2026;25;;;;;2024.5;0.0
-1;32400;RAINFOREST_RESIN;9996;1;9995;30;;;10004;1;10005;30;;;10000.0;369.0
-1;32400;KELP;2023;30;;;;;2026;1;2027;30;;;2024.5;0.0
-1;32500;KELP;2023;21;;;;;2025;5;2027;22;;;2024.0;0.0
-1;32500;RAINFOREST_RESIN;9998;1;9996;1;9995;21;10004;1;10005;21;;;10001.0;369.0
-1;32600;KELP;2023;30;;;;;2027;30;;;;;2025.0;0.0
-1;32600;RAINFOREST_RESIN;10002;1;9995;30;;;10005;30;;;;;10003.5;369.0
-1;32700;RAINFOREST_RESIN;9996;2;9995;22;;;10004;2;10005;22;;;10000.0;375.0
-1;32700;KELP;2023;24;;;;;2026;2;2027;22;;;2024.5;0.0
-1;32800;RAINFOREST_RESIN;9996;2;9995;28;;;10004;2;10005;28;;;10000.0;375.0
-1;32800;KELP;2023;30;;;;;2026;2;2027;28;;;2024.5;0.0
-1;32900;KELP;2023;29;;;;;2026;2;2027;27;;;2024.5;0.0
-1;32900;RAINFOREST_RESIN;9996;2;9995;27;;;10004;2;10005;27;;;10000.0;389.0
-1;33000;KELP;2025;1;2023;30;;;2026;30;;;;;2025.5;0.0
-1;33000;RAINFOREST_RESIN;9996;2;9995;28;;;10004;2;10005;28;;;10000.0;389.0
-1;33100;RAINFOREST_RESIN;9996;1;9995;28;;;10004;1;10005;28;;;10000.0;389.0
-1;33100;KELP;2023;28;;;;;2025;3;2026;29;;;2024.0;0.0
-1;33200;RAINFOREST_RESIN;9996;1;9995;20;;;10002;7;10004;1;10005;20;9999.0;389.0
-1;33200;KELP;2023;20;;;;;2024;10;2026;1;2027;20;2023.5;0.0
-1;33300;KELP;2024;1;2023;20;;;2027;21;;;;;2025.5;0.0
-1;33300;RAINFOREST_RESIN;9996;1;9995;20;;;10004;1;10005;20;;;10000.0;389.0
-1;33400;KELP;2023;32;;;;;2027;32;;;;;2025.0;0.0
-1;33400;RAINFOREST_RESIN;9996;2;9995;30;;;10002;3;10004;2;10005;30;9999.0;389.0
-1;33500;RAINFOREST_RESIN;9996;1;9995;20;;;10004;1;10005;20;;;10000.0;389.0
-1;33500;KELP;2023;21;;;;;2026;21;;;;;2024.5;0.0
-1;33600;RAINFOREST_RESIN;10002;6;9995;27;;;10005;27;;;;;10003.5;391.0
-1;33600;KELP;2023;27;;;;;2026;27;;;;;2024.5;0.0
-1;33700;KELP;2023;32;;;;;2026;28;;;;;2024.5;0.0
-1;33700;RAINFOREST_RESIN;9996;1;9995;27;;;10002;1;10004;1;10005;27;9999.0;403.0
-1;33800;KELP;2024;3;2023;31;;;2026;26;;;;;2025.0;0.0
-1;33800;RAINFOREST_RESIN;9996;1;9995;25;;;10004;1;10005;25;;;10000.0;403.0
-1;33900;RAINFOREST_RESIN;9995;24;;;;;10005;24;;;;;10000.0;403.0
-1;33900;KELP;2023;24;;;;;2026;24;;;;;2024.5;0.0
-1;34000;RAINFOREST_RESIN;10002;1;9995;30;;;10005;30;;;;;10003.5;403.0
-1;34000;KELP;2023;29;;;;;2025;8;2026;30;;;2024.0;0.0
-1;34100;KELP;2023;25;;;;;2026;23;;;;;2024.5;0.0
-1;34100;RAINFOREST_RESIN;9996;1;9995;22;;;10004;1;10005;22;;;10000.0;405.0
-1;34200;KELP;2022;23;;;;;2024;1;2026;23;;;2023.0;0.0
-1;34200;RAINFOREST_RESIN;9995;23;;;;;10005;23;;;;;10000.0;411.0
-1;34300;RAINFOREST_RESIN;10002;1;9996;1;9995;22;10004;1;10005;22;;;10003.0;411.0
-1;34300;KELP;2022;23;;;;;2026;23;;;;;2024.0;0.0
-1;34400;RAINFOREST_RESIN;9996;2;9995;23;;;10004;2;10005;23;;;10000.0;413.0
-1;34400;KELP;2023;3;2022;25;;;2025;2;2026;23;;;2024.0;0.0
-1;34500;KELP;2022;30;;;;;2023;5;2024;1;2026;30;2022.5;0.0
-1;34500;RAINFOREST_RESIN;9995;30;;;;;10005;30;;;;;10000.0;413.0
-1;34600;KELP;2022;29;;;;;2023;1;2026;29;;;2022.5;0.0
-1;34600;RAINFOREST_RESIN;9995;29;;;;;10005;29;;;;;10000.0;413.0
-1;34700;RAINFOREST_RESIN;9998;6;9995;24;;;10005;24;;;;;10001.5;413.0
-1;34700;KELP;2023;24;;;;;2026;24;;;;;2024.5;0.0
-1;34800;RAINFOREST_RESIN;9996;2;9995;23;;;10004;2;10005;23;;;10000.0;413.0
-1;34800;KELP;2023;2;2022;23;;;2026;25;;;;;2024.5;0.0
-1;34900;KELP;2023;21;;;;;2026;21;;;;;2024.5;0.0
-1;34900;RAINFOREST_RESIN;9996;1;9995;20;;;10004;1;10005;20;;;10000.0;413.0
-1;35000;RAINFOREST_RESIN;10002;1;9995;20;;;10005;20;;;;;10003.5;413.0
-1;35000;KELP;2025;1;2023;20;;;2026;20;;;;;2025.5;0.0
-1;35100;KELP;2023;31;;;;;2026;31;;;;;2024.5;0.0
-1;35100;RAINFOREST_RESIN;10002;3;9996;2;9995;29;10004;2;10005;29;;;10003.0;415.0
-1;35200;RAINFOREST_RESIN;9996;2;9995;28;;;10002;10;10004;2;10005;28;9999.0;421.0
-1;35200;KELP;2023;33;;;;;2026;30;;;;;2024.5;0.0
-1;35300;KELP;2023;20;;;;;2026;28;;;;;2024.5;0.0
-1;35300;RAINFOREST_RESIN;9998;6;9996;1;9995;27;10004;1;10005;27;;;10001.0;421.0
-1;35400;RAINFOREST_RESIN;10002;3;9995;25;;;10005;25;;;;;10003.5;421.0
-1;35400;KELP;2025;1;2023;27;;;2026;25;;;;;2025.5;0.0
-1;35500;KELP;2023;28;;;;;2026;28;;;;;2024.5;0.0
-1;35500;RAINFOREST_RESIN;9996;2;9995;26;;;10004;2;10005;26;;;10000.0;421.0
-1;35600;RAINFOREST_RESIN;9995;26;;;;;10005;26;;;;;10000.0;421.0
-1;35600;KELP;2023;26;;;;;2026;26;;;;;2024.5;0.0
-1;35700;KELP;2023;29;;;;;2026;29;;;;;2024.5;0.0
-1;35700;RAINFOREST_RESIN;9996;2;9995;27;;;10004;2;10005;27;;;10000.0;421.0
-1;35800;RAINFOREST_RESIN;9998;7;9996;1;9995;30;10004;1;10005;30;;;10001.0;421.0
-1;35800;KELP;2023;29;;;;;2026;31;;;;;2024.5;0.0
-1;35900;KELP;2023;2;2022;21;;;2026;23;;;;;2024.5;0.0
-1;35900;RAINFOREST_RESIN;9996;2;9995;21;;;10004;2;10005;21;;;10000.0;421.0
-1;36000;RAINFOREST_RESIN;9995;30;;;;;10002;5;10005;30;;;9998.5;421.0
-1;36000;KELP;2022;30;;;;;2024;3;2026;30;;;2023.0;0.0
-1;36100;KELP;2022;26;;;;;2025;2;2026;24;;;2023.5;0.0
-1;36100;RAINFOREST_RESIN;10002;8;9996;2;9995;24;10004;2;10005;24;;;10003.0;421.0
-1;36200;RAINFOREST_RESIN;9996;1;9995;29;;;9998;1;10004;1;10005;29;9997.0;437.0
-1;36200;KELP;2022;30;;;;;2025;1;2026;29;;;2023.5;0.0
-1;36300;KELP;2022;22;;;;;2024;6;2025;22;;;2023.0;0.0
-1;36300;RAINFOREST_RESIN;9996;1;9995;21;;;10004;1;10005;21;;;10000.0;439.0
-1;36400;RAINFOREST_RESIN;9998;1;9996;1;9995;20;10004;1;10005;20;;;10001.0;439.0
-1;36400;KELP;2024;1;2023;3;2022;21;2025;1;2026;20;;;2024.5;0.0
-1;36500;KELP;2022;25;;;;;2023;2;2025;25;;;2022.5;0.0
-1;36500;RAINFOREST_RESIN;9995;25;;;;;10005;25;;;;;10000.0;439.0
-1;36600;RAINFOREST_RESIN;9996;1;9995;28;;;10004;1;10005;28;;;10000.0;439.0
-1;36600;KELP;2022;29;;;;;2025;29;;;;;2023.5;0.0
-1;36700;KELP;2021;21;;;;;2025;21;;;;;2023.0;0.0
-1;36700;RAINFOREST_RESIN;9995;21;;;;;10005;21;;;;;10000.0;439.0
-1;36800;RAINFOREST_RESIN;9995;30;;;;;10005;30;;;;;10000.0;439.0
-1;36800;KELP;2021;30;;;;;2025;30;;;;;2023.0;0.0
-1;36900;KELP;2021;27;;;;;2024;27;;;;;2022.5;0.0
-1;36900;RAINFOREST_RESIN;9996;1;9995;26;;;10004;1;10005;26;;;10000.0;439.0
-1;37000;RAINFOREST_RESIN;9996;2;9995;23;;;10004;2;10005;23;;;10000.0;439.0
-1;37000;KELP;2020;25;;;;;2024;25;;;;;2022.0;0.0
-1;37100;KELP;2021;27;;;;;2024;23;;;;;2022.5;0.0
-1;37100;RAINFOREST_RESIN;9996;2;9995;21;;;10004;2;10005;21;;;10000.0;439.0
-1;37200;RAINFOREST_RESIN;9996;1;9995;20;;;10004;1;10005;20;;;10000.0;439.0
-1;37200;KELP;2021;25;;;;;2024;21;;;;;2022.5;0.0
-1;37300;KELP;2022;4;2021;28;;;2024;1;2025;27;;;2023.0;0.0
-1;37300;RAINFOREST_RESIN;9996;1;9995;27;;;9998;10;10002;4;10004;1;9997.0;439.0
-1;37400;RAINFOREST_RESIN;10002;1;9998;2;9995;30;10005;30;;;;;10003.5;457.0
-1;37400;KELP;2021;30;;;;;2024;30;;;;;2022.5;0.0
-1;37500;KELP;2020;27;;;;;2024;27;;;;;2022.0;0.0
-1;37500;RAINFOREST_RESIN;9996;2;9995;25;;;10004;2;10005;25;;;10000.0;459.0
-1;37600;KELP;2020;22;;;;;2024;22;;;;;2022.0;0.0
-1;37600;RAINFOREST_RESIN;9995;22;;;;;10002;7;10005;22;;;9998.5;461.0
-1;37700;RAINFOREST_RESIN;9996;1;9995;23;;;10004;1;10005;23;;;10000.0;461.0
-1;37700;KELP;2020;24;;;;;2024;24;;;;;2022.0;0.0
-1;37800;RAINFOREST_RESIN;9995;25;;;;;10005;25;;;;;10000.0;461.0
-1;37800;KELP;2020;24;;;;;2024;25;;;;;2022.0;0.0
-1;37900;KELP;2019;25;;;;;2023;25;;;;;2021.0;0.0
-1;37900;RAINFOREST_RESIN;9995;25;;;;;10005;25;;;;;10000.0;461.0
-1;38000;KELP;2019;32;;;;;2021;4;2023;32;;;2020.0;0.0
-1;38000;RAINFOREST_RESIN;10002;1;9996;2;9995;30;10004;2;10005;30;;;10003.0;461.0
-1;38100;RAINFOREST_RESIN;9996;2;9995;26;;;10002;2;10004;2;10005;26;9999.0;463.0
-1;38100;KELP;2019;28;;;;;2022;2;2023;26;;;2020.5;0.0
-1;38200;RAINFOREST_RESIN;9996;1;9995;27;;;10004;1;10005;27;;;10000.0;463.0
-1;38200;KELP;2019;28;;;;;2023;28;;;;;2021.0;0.0
-1;38300;KELP;2019;26;;;;;2022;26;;;;;2020.5;0.0
-1;38300;RAINFOREST_RESIN;9998;5;9995;26;;;10005;26;;;;;10001.5;463.0
-1;38400;KELP;2019;24;;;;;2020;6;2022;24;;;2019.5;0.0
-1;38400;RAINFOREST_RESIN;9996;1;9995;23;;;10000;6;10004;1;10005;23;9998.0;463.0
-1;38500;RAINFOREST_RESIN;10002;1;9995;21;;;10005;21;;;;;10003.5;463.0
-1;38500;KELP;2019;21;;;;;2022;21;;;;;2020.5;0.0
-1;38600;RAINFOREST_RESIN;9996;2;9995;28;;;10004;2;10005;28;;;10000.0;465.0
-1;38600;KELP;2019;30;;;;;2022;30;;;;;2020.5;0.0
-1;38700;KELP;2019;20;;;;;2022;20;;;;;2020.5;0.0
-1;38700;RAINFOREST_RESIN;9995;20;;;;;10005;20;;;;;10000.0;467.0
-1;38800;KELP;2019;21;;;;;2020;2;2021;1;2022;21;2019.5;0.0
-1;38800;RAINFOREST_RESIN;9996;1;9995;20;;;10002;1;10004;1;10005;20;9999.0;467.0
-1;38900;RAINFOREST_RESIN;9996;2;9995;30;;;10004;2;10005;30;;;10000.0;481.0
-1;38900;KELP;2019;32;;;;;2021;7;2022;2;2023;30;2020.0;0.0
-1;39000;RAINFOREST_RESIN;9995;23;;;;;10002;9;10005;23;;;9998.5;481.0
-1;39000;KELP;2019;23;;;;;2023;23;;;;;2021.0;0.0
-1;39100;KELP;2020;25;;;;;2023;25;;;;;2021.5;0.0
-1;39100;RAINFOREST_RESIN;9998;8;9996;1;9995;24;10004;1;10005;24;;;10001.0;481.0
-1;39200;KELP;2020;30;;;;;2022;2;2023;30;;;2021.0;0.0
-1;39200;RAINFOREST_RESIN;9996;1;9995;29;;;10004;1;10005;29;;;10000.0;481.0
-1;39300;RAINFOREST_RESIN;9995;27;;;;;10005;27;;;;;10000.0;481.0
-1;39300;KELP;2020;27;;;;;2023;27;;;;;2021.5;0.0
-1;39400;RAINFOREST_RESIN;9996;1;9995;30;;;10004;1;10005;30;;;10000.0;481.0
-1;39400;KELP;2020;31;;;;;2022;5;2023;31;;;2021.0;0.0
-1;39500;KELP;2019;27;;;;;2021;3;2022;27;;;2020.0;0.0
-1;39500;RAINFOREST_RESIN;9995;27;;;;;9998;1;10002;2;10005;27;9996.5;483.0
-1;39600;KELP;2021;4;2019;23;;;2023;23;;;;;2022.0;0.0
-1;39600;RAINFOREST_RESIN;9995;23;;;;;10005;23;;;;;10000.0;483.0
-1;39700;RAINFOREST_RESIN;9996;2;9995;22;;;10004;2;10005;22;;;10000.0;483.0
-1;39700;KELP;2019;28;;;;;2022;2;2023;22;;;2020.5;0.0
-1;39800;RAINFOREST_RESIN;9996;1;9995;27;;;10004;1;10005;27;;;10000.0;483.0
-1;39800;KELP;2019;28;;;;;2022;1;2023;27;;;2020.5;0.0
-1;39900;KELP;2019;31;;;;;2022;31;;;;;2020.5;0.0
-1;39900;RAINFOREST_RESIN;9996;1;9995;30;;;10002;4;10004;1;10005;30;9999.0;483.0
-1;40000;KELP;2018;22;;;;;2022;22;;;;;2020.0;0.0
-1;40000;RAINFOREST_RESIN;9995;22;;;;;10005;22;;;;;10000.0;483.0
-1;40100;RAINFOREST_RESIN;9996;2;9995;29;;;10002;8;10004;2;10005;29;9999.0;483.0
-1;40100;KELP;2019;31;;;;;2022;31;;;;;2020.5;0.0
-1;40200;RAINFOREST_RESIN;9996;1;9995;28;;;10004;1;10005;28;;;10000.0;483.0
-1;40200;KELP;2019;1;2018;28;;;2022;29;;;;;2020.5;0.0
-1;40300;KELP;2019;22;;;;;2022;22;;;;;2020.5;0.0
-1;40300;RAINFOREST_RESIN;9995;22;;;;;9998;1;10005;22;;;9996.5;483.0
-1;40400;KELP;2018;24;;;;;2022;24;;;;;2020.0;0.0
-1;40400;RAINFOREST_RESIN;9996;1;9995;23;;;10004;1;10005;23;;;10000.0;483.0
-1;40500;RAINFOREST_RESIN;10002;1;9996;2;9995;27;10004;2;10005;27;;;10003.0;483.0
-1;40500;KELP;2019;1;2018;27;;;2022;29;;;;;2020.5;0.0
-1;40600;RAINFOREST_RESIN;9996;2;9995;24;;;10004;2;10005;24;;;10000.0;485.0
-1;40600;KELP;2019;4;2018;26;;;2022;26;;;;;2020.5;0.0
-1;40700;KELP;2018;22;;;;;2021;22;;;;;2019.5;0.0
-1;40700;RAINFOREST_RESIN;9998;7;9996;2;9995;20;10004;2;10005;20;;;10001.0;485.0
-1;40800;KELP;2018;27;;;;;2021;27;;;;;2019.5;0.0
-1;40800;RAINFOREST_RESIN;9995;27;;;;;10005;27;;;;;10000.0;485.0
-1;40900;RAINFOREST_RESIN;9998;10;9996;2;9995;26;10004;2;10005;26;;;10001.0;485.0
-1;40900;KELP;2017;28;;;;;2021;28;;;;;2019.0;0.0
-1;41000;RAINFOREST_RESIN;9995;21;;;;;10002;10;10005;21;;;9998.5;491.0
-1;41000;KELP;2018;20;;;;;2020;3;2021;21;;;2019.0;0.0
-1;41100;KELP;2018;24;;;;;2021;27;;;;;2019.5;0.0
-1;41100;RAINFOREST_RESIN;9995;27;;;;;10005;27;;;;;10000.0;491.0
-1;41200;KELP;2018;29;;;;;2021;29;;;;;2019.5;0.0
-1;41200;RAINFOREST_RESIN;9995;29;;;;;10005;29;;;;;10000.0;491.0
-1;41300;RAINFOREST_RESIN;9998;2;9996;1;9995;24;10004;1;10005;24;;;10001.0;491.0
-1;41300;KELP;2017;25;;;;;2019;4;2021;25;;;2018.0;0.0
-1;41400;RAINFOREST_RESIN;9998;5;9996;2;9995;23;10000;4;10004;2;10005;23;9999.0;491.0
-1;41400;KELP;2017;25;;;;;2018;4;2019;5;2020;25;2017.5;0.0
-1;41500;KELP;2017;22;;;;;2019;1;2021;22;;;2018.0;0.0
-1;41500;RAINFOREST_RESIN;9998;8;9996;2;9995;20;10004;2;10005;20;;;10001.0;491.0
-1;41600;KELP;2017;23;;;;;2019;7;2020;1;2021;22;2018.0;0.0
-1;41600;RAINFOREST_RESIN;9996;1;9995;22;;;10004;1;10005;22;;;10000.0;491.0
-1;41700;RAINFOREST_RESIN;10000;5;9995;21;;;10005;21;;;;;10002.5;491.0
-1;41700;KELP;2019;4;2017;21;;;2021;21;;;;;2020.0;0.0
-1;41800;RAINFOREST_RESIN;9996;2;9995;22;;;10004;2;10005;22;;;10000.0;491.0
-1;41800;KELP;2018;24;;;;;2021;24;;;;;2019.5;0.0
-1;41900;KELP;2018;22;;;;;2020;1;2021;22;;;2019.0;0.0
-1;41900;RAINFOREST_RESIN;9996;1;9995;21;;;9998;4;10004;1;10005;21;9997.0;491.0
-1;42000;KELP;2018;31;;;;;2020;5;2021;32;;;2019.0;0.0
-1;42000;RAINFOREST_RESIN;9996;2;9995;30;;;10004;2;10005;30;;;10000.0;491.0
-1;42100;RAINFOREST_RESIN;9998;8;9996;2;9995;21;10004;2;10005;21;;;10001.0;491.0
-1;42100;KELP;2018;23;;;;;2021;2;2022;21;;;2019.5;0.0
-1;42200;RAINFOREST_RESIN;10002;1;9995;28;;;10005;28;;;;;10003.5;491.0
-1;42200;KELP;2018;28;;;;;2022;28;;;;;2020.0;0.0
-1;42300;KELP;2018;20;;;;;2019;7;2020;2;2022;20;2018.5;0.0
-1;42300;RAINFOREST_RESIN;9995;20;;;;;10005;20;;;;;10000.0;493.0
-1;42400;KELP;2019;30;;;;;2022;31;;;;;2020.5;0.0
-1;42400;RAINFOREST_RESIN;9996;2;9995;29;;;10004;2;10005;29;;;10000.0;493.0
-1;42500;RAINFOREST_RESIN;9995;24;;;;;10002;3;10005;24;;;9998.5;493.0
-1;42500;KELP;2019;24;;;;;2022;24;;;;;2020.5;0.0
-1;42600;RAINFOREST_RESIN;9995;26;;;;;10005;26;;;;;10000.0;509.0
-1;42600;KELP;2019;26;;;;;2022;26;;;;;2020.5;0.0
-1;42700;KELP;2018;26;;;;;2022;26;;;;;2020.0;0.0
-1;42700;RAINFOREST_RESIN;9995;26;;;;;10005;26;;;;;10000.0;513.0
-1;42800;KELP;2019;30;;;;;2022;30;;;;;2020.5;0.0
-1;42800;RAINFOREST_RESIN;9995;30;;;;;10005;30;;;;;10000.0;513.0
-1;42900;RAINFOREST_RESIN;9995;25;;;;;10005;25;;;;;10000.0;513.0
-1;42900;KELP;2019;25;;;;;2022;25;;;;;2020.5;0.0
-1;43000;RAINFOREST_RESIN;9995;23;;;;;10005;23;;;;;10000.0;517.0
-1;43000;KELP;2020;2;2019;23;;;2023;23;;;;;2021.5;0.0
-1;43100;KELP;2020;21;;;;;2023;21;;;;;2021.5;0.0
-1;43100;RAINFOREST_RESIN;9995;21;;;;;10005;21;;;;;10000.0;517.0
-1;43200;KELP;2019;21;;;;;2023;21;;;;;2021.0;0.0
-1;43200;RAINFOREST_RESIN;9996;1;9995;20;;;10004;1;10005;20;;;10000.0;517.0
-1;43300;RAINFOREST_RESIN;9996;1;9995;24;;;10004;1;10005;24;;;10000.0;517.0
-1;43300;KELP;2019;25;;;;;2021;2;2023;25;;;2020.0;0.0
-1;43400;RAINFOREST_RESIN;9996;2;9995;22;;;10004;2;10005;22;;;10000.0;517.0
-1;43400;KELP;2021;4;2020;24;;;2023;24;;;;;2022.0;0.0
-1;43500;KELP;2020;22;;;;;2022;7;2023;23;;;2021.0;0.0
-1;43500;RAINFOREST_RESIN;9998;7;9995;23;;;10005;23;;;;;10001.5;517.0
-1;43600;KELP;2020;5;2019;21;;;2023;23;;;;;2021.5;0.0
-1;43600;RAINFOREST_RESIN;9996;2;9995;21;;;10002;9;10004;2;10005;21;9999.0;517.0
-1;43700;KELP;2020;24;;;;;2023;24;;;;;2021.5;0.0
-1;43700;RAINFOREST_RESIN;9996;1;9995;23;;;10004;1;10005;23;;;10000.0;517.0
-1;43800;RAINFOREST_RESIN;9996;2;9995;26;;;10004;2;10005;26;;;10000.0;517.0
-1;43800;KELP;2020;35;;;;;2023;28;;;;;2021.5;0.0
-1;43900;KELP;2020;36;;;;;2023;30;;;;;2021.5;0.0
-1;43900;RAINFOREST_RESIN;10002;4;9998;2;9996;1;10004;1;10005;29;;;10003.0;517.0
-1;44000;RAINFOREST_RESIN;9996;2;9995;20;;;10004;2;10005;20;;;10000.0;525.0
-1;44000;KELP;2020;22;;;;;2022;3;2023;22;;;2021.0;0.0
-1;44100;KELP;2019;24;;;;;2023;24;;;;;2021.0;0.0
-1;44100;RAINFOREST_RESIN;9995;24;;;;;9998;1;10002;2;10005;24;9996.5;525.0
-1;44200;RAINFOREST_RESIN;9995;21;;;;;10005;21;;;;;10000.0;527.0
-1;44200;KELP;2019;21;;;;;2023;21;;;;;2021.0;0.0
-1;44300;KELP;2019;27;;;;;2023;27;;;;;2021.0;0.0
-1;44300;RAINFOREST_RESIN;9995;27;;;;;10005;27;;;;;10000.0;527.0
-1;44400;RAINFOREST_RESIN;9998;7;9995;28;;;10005;28;;;;;10001.5;527.0
-1;44400;KELP;2018;28;;;;;2022;28;;;;;2020.0;0.0
-1;44500;KELP;2021;1;2019;2;2018;21;2022;21;;;;;2021.5;0.0
-1;44500;RAINFOREST_RESIN;9995;21;;;;;10005;21;;;;;10000.0;527.0
-1;44600;RAINFOREST_RESIN;9996;1;9995;23;;;10004;1;10005;23;;;10000.0;527.0
-1;44600;KELP;2019;24;;;;;2022;24;;;;;2020.5;0.0
-1;44700;KELP;2019;29;;;;;2022;29;;;;;2020.5;0.0
-1;44700;RAINFOREST_RESIN;9995;29;;;;;10002;10;10005;29;;;9998.5;527.0
-1;44800;RAINFOREST_RESIN;9995;29;;;;;9998;1;10002;10;10005;29;9996.5;527.0
-1;44800;KELP;2018;29;;;;;2022;29;;;;;2020.0;0.0
-1;44900;KELP;2019;1;2018;26;;;2022;26;;;;;2020.5;0.0
-1;44900;RAINFOREST_RESIN;9996;1;9995;25;;;10004;1;10005;25;;;10000.0;527.0
-1;45000;RAINFOREST_RESIN;10002;1;9996;2;9995;24;10004;2;10005;24;;;10003.0;527.0
-1;45000;KELP;2018;26;;;;;2022;26;;;;;2020.0;0.0
-1;45100;KELP;2019;27;;;;;2021;5;2022;27;;;2020.0;0.0
-1;45100;RAINFOREST_RESIN;9996;1;9995;26;;;10004;1;10005;26;;;10000.0;529.0
-1;45200;RAINFOREST_RESIN;9996;1;9995;28;;;10004;1;10005;28;;;10000.0;529.0
-1;45200;KELP;2019;29;;;;;2021;6;2022;29;;;2020.0;0.0
-1;45300;KELP;2018;26;;;;;2021;22;;;;;2019.5;0.0
-1;45300;RAINFOREST_RESIN;9995;22;;;;;10005;22;;;;;10000.0;529.0
-1;45400;RAINFOREST_RESIN;9996;2;9995;21;;;9998;1;10004;2;10005;21;9997.0;529.0
-1;45400;KELP;2018;22;;;;;2020;2;2021;23;;;2019.0;0.0
-1;45500;KELP;2018;25;;;;;2019;3;2021;25;;;2018.5;0.0
-1;45500;RAINFOREST_RESIN;9996;1;9995;24;;;10000;3;10004;1;10005;24;9998.0;529.0
-1;45600;RAINFOREST_RESIN;9995;26;;;;;10002;5;10005;26;;;9998.5;529.0
-1;45600;KELP;2018;33;;;;;2021;26;;;;;2019.5;0.0
-1;45700;KELP;2018;24;;;;;2021;24;;;;;2019.5;0.0
-1;45700;RAINFOREST_RESIN;9995;24;;;;;10005;24;;;;;10000.0;529.0
-1;45800;RAINFOREST_RESIN;9996;1;9995;27;;;10004;1;10005;27;;;10000.0;529.0
-1;45800;KELP;2018;27;;;;;2021;28;;;;;2019.5;0.0
-1;45900;KELP;2019;4;2018;31;;;2022;31;;;;;2020.5;0.0
-1;45900;RAINFOREST_RESIN;9996;1;9995;30;;;10004;1;10005;30;;;10000.0;529.0
-1;46000;RAINFOREST_RESIN;9996;2;9995;24;;;10004;2;10005;24;;;10000.0;531.0
-1;46000;KELP;2019;2;2018;24;;;2022;26;;;;;2020.5;0.0
-1;46100;KELP;2019;25;;;;;2022;25;;;;;2020.5;0.0
-1;46100;RAINFOREST_RESIN;9998;6;9996;2;9995;23;10004;2;10005;23;;;10001.0;531.0
-1;46200;RAINFOREST_RESIN;9998;2;9996;1;9995;27;10004;1;10005;27;;;10001.0;531.0
-1;46200;KELP;2018;28;;;;;2021;1;2022;27;;;2019.5;0.0
-1;46300;KELP;2018;29;;;;;2021;29;;;;;2019.5;0.0
-1;46300;RAINFOREST_RESIN;9996;2;9995;27;;;10004;2;10005;27;;;10000.0;531.0
-1;46400;RAINFOREST_RESIN;9995;22;;;;;10005;22;;;;;10000.0;531.0
-1;46400;KELP;2018;22;;;;;2022;22;;;;;2020.0;0.0
-1;46500;KELP;2019;6;2018;31;;;2021;31;;;;;2020.0;0.0
-1;46500;RAINFOREST_RESIN;10000;6;9996;1;9995;30;10004;1;10005;30;;;10002.0;531.0
-1;46600;KELP;2019;3;2018;28;;;2021;1;2022;27;;;2020.0;0.0
-1;46600;RAINFOREST_RESIN;9998;10;9996;1;9995;27;10004;1;10005;27;;;10001.0;531.0
-1;46700;RAINFOREST_RESIN;9995;26;;;;;10005;26;;;;;10000.0;531.0
-1;46700;KELP;2019;26;;;;;2022;26;;;;;2020.5;0.0
-1;46800;RAINFOREST_RESIN;9996;1;9995;21;;;10004;1;10005;21;;;10000.0;531.0
-1;46800;KELP;2019;22;;;;;2022;22;;;;;2020.5;0.0
-1;46900;KELP;2021;1;2019;32;;;2022;32;;;;;2021.5;0.0
-1;46900;RAINFOREST_RESIN;9996;2;9995;30;;;10004;2;10005;30;;;10000.0;531.0
-1;47000;KELP;2019;21;;;;;2022;21;;;;;2020.5;0.0
-1;47000;RAINFOREST_RESIN;9996;1;9995;20;;;10004;1;10005;20;;;10000.0;531.0
-1;47100;RAINFOREST_RESIN;9996;2;9995;24;;;9998;1;10004;2;10005;24;9997.0;531.0
-1;47100;KELP;2019;22;;;;;2022;26;;;;;2020.5;0.0
-1;47200;RAINFOREST_RESIN;10002;1;9996;2;9995;28;10004;2;10005;28;;;10003.0;531.0
-1;47200;KELP;2019;30;;;;;2022;30;;;;;2020.5;0.0
-1;47300;KELP;2019;25;;;;;2021;1;2022;25;;;2020.0;0.0
-1;47300;RAINFOREST_RESIN;10002;1;9998;3;9995;25;10005;25;;;;;10003.5;533.0
-1;47400;KELP;2019;25;;;;;2022;24;;;;;2020.5;0.0
-1;47400;RAINFOREST_RESIN;9995;24;;;;;10002;9;10005;24;;;9998.5;535.0
-1;47500;RAINFOREST_RESIN;9995;30;;;;;10002;1;10005;30;;;9998.5;535.0
-1;47500;KELP;2019;30;;;;;2021;6;2022;30;;;2020.0;0.0
-1;47600;RAINFOREST_RESIN;9996;1;9995;27;;;10004;1;10005;27;;;10000.0;535.0
-1;47600;KELP;2019;28;;;;;2022;28;;;;;2020.5;0.0
-1;47700;KELP;2019;23;;;;;2022;23;;;;;2020.5;0.0
-1;47700;RAINFOREST_RESIN;9996;1;9995;22;;;10002;8;10004;1;10005;22;9999.0;535.0
-1;47800;KELP;2019;23;;;;;2022;1;2023;22;;;2020.5;0.0
-1;47800;RAINFOREST_RESIN;9996;1;9995;22;;;10002;8;10004;1;10005;22;9999.0;535.0
-1;47900;RAINFOREST_RESIN;10002;1;9995;27;;;10005;27;;;;;10003.5;535.0
-1;47900;KELP;2019;27;;;;;2023;27;;;;;2021.0;0.0
-1;48000;RAINFOREST_RESIN;9995;27;;;;;10005;27;;;;;10000.0;537.0
-1;48000;KELP;2019;27;;;;;2023;27;;;;;2021.0;0.0
-1;48100;KELP;2019;22;;;;;2022;21;;;;;2020.5;0.0
-1;48100;RAINFOREST_RESIN;9995;21;;;;;10002;9;10005;21;;;9998.5;537.0
-1;48200;KELP;2019;25;;;;;2022;25;;;;;2020.5;0.0
-1;48200;RAINFOREST_RESIN;9998;5;9995;25;;;10005;25;;;;;10001.5;541.0
-1;48300;RAINFOREST_RESIN;9996;1;9995;28;;;9998;1;10000;5;10004;1;9997.0;541.0
-1;48300;KELP;2018;29;;;;;2019;5;2022;29;;;2018.5;0.0
-1;48400;RAINFOREST_RESIN;9995;27;;;;;10002;7;10005;27;;;9998.5;543.0
-1;48400;KELP;2019;1;2018;27;;;2022;27;;;;;2020.5;0.0
-1;48500;KELP;2019;1;2018;29;;;2022;29;;;;;2020.5;0.0
-1;48500;RAINFOREST_RESIN;9995;29;;;;;9998;1;10005;29;;;9996.5;543.0
-1;48600;KELP;2019;1;2018;29;;;2022;29;;;;;2020.5;0.0
-1;48600;RAINFOREST_RESIN;9996;1;9995;28;;;10004;1;10005;28;;;10000.0;543.0
-1;48700;RAINFOREST_RESIN;9996;1;9995;22;;;10004;1;10005;22;;;10000.0;546.0
-1;48700;KELP;2018;23;;;;;2022;23;;;;;2020.0;0.0
-1;48800;RAINFOREST_RESIN;9996;1;9995;23;;;10004;1;10005;23;;;10000.0;546.0
-1;48800;KELP;2019;29;;;;;2022;24;;;;;2020.5;0.0
-1;48900;KELP;2019;34;;;;;2022;27;;;;;2020.5;0.0
-1;48900;RAINFOREST_RESIN;9995;27;;;;;10005;27;;;;;10000.0;546.0
-1;49000;KELP;2019;39;;;;;2022;32;;;;;2020.5;0.0
-1;49000;RAINFOREST_RESIN;9996;2;9995;30;;;10004;2;10005;30;;;10000.0;546.0
-1;49100;RAINFOREST_RESIN;9996;2;9995;30;;;10004;2;10005;30;;;10000.0;546.0
-1;49100;KELP;2019;40;;;;;2022;32;;;;;2020.5;0.0
-1;49200;RAINFOREST_RESIN;9996;1;9995;20;;;10004;1;10005;20;;;10000.0;546.0
-1;49200;KELP;2019;21;;;;;2022;21;;;;;2020.5;0.0
-1;49300;KELP;2019;21;;;;;2022;22;;;;;2020.5;0.0
-1;49300;RAINFOREST_RESIN;9998;9;9996;1;9995;21;10004;1;10005;21;;;10001.0;546.0
-1;49400;KELP;2021;9;2020;5;2019;20;2022;20;;;;;2021.5;0.0
-1;49400;RAINFOREST_RESIN;9995;20;;;;;10005;20;;;;;10000.0;546.0
-1;49500;RAINFOREST_RESIN;9996;2;9995;30;;;10004;2;10005;30;;;10000.0;546.0
-1;49500;KELP;2019;40;;;;;2022;32;;;;;2020.5;0.0
-1;49600;RAINFOREST_RESIN;9995;24;;;;;10005;24;;;;;10000.0;546.0
-1;49600;KELP;2021;1;2019;24;;;2022;24;;;;;2021.5;0.0
-1;49700;KELP;2019;28;;;;;2022;28;;;;;2020.5;0.0
-1;49700;RAINFOREST_RESIN;9998;7;9996;2;9995;26;10004;2;10005;26;;;10001.0;546.0
-1;49800;KELP;2019;25;;;;;2020;5;2023;25;;;2019.5;0.0
-1;49800;RAINFOREST_RESIN;9996;2;9995;23;;;10004;2;10005;23;;;10000.0;546.0
-1;49900;RAINFOREST_RESIN;9998;3;9995;23;;;10005;23;;;;;10001.5;546.0
-1;49900;KELP;2019;23;;;;;2023;23;;;;;2021.0;0.0
-1;50000;RAINFOREST_RESIN;9996;1;9995;20;;;10004;1;10005;20;;;10000.0;548.0
-1;50000;KELP;2019;21;;;;;2022;1;2023;20;;;2020.5;0.0
-1;50100;KELP;2019;24;;;;;2021;2;2022;24;;;2020.0;0.0
-1;50100;RAINFOREST_RESIN;9995;24;;;;;10005;24;;;;;10000.0;548.0
-1;50200;KELP;2019;24;;;;;2023;24;;;;;2021.0;0.0
-1;50200;RAINFOREST_RESIN;9995;24;;;;;10005;24;;;;;10000.0;548.0
-1;50300;RAINFOREST_RESIN;9995;30;;;;;10002;10;10005;30;;;9998.5;548.0
-1;50300;KELP;2019;30;;;;;2023;30;;;;;2021.0;0.0
-1;50400;RAINFOREST_RESIN;9998;4;9996;1;9995;22;10000;2;10004;1;10005;22;9999.0;548.0
-1;50400;KELP;2019;23;;;;;2021;3;2023;23;;;2020.0;0.0
-1;50500;KELP;2019;25;;;;;2023;25;;;;;2021.0;0.0
-1;50500;RAINFOREST_RESIN;9996;2;9995;23;;;10004;2;10005;23;;;10000.0;548.0
-1;50600;KELP;2019;21;;;;;2020;6;2023;23;;;2019.5;0.0
-1;50600;RAINFOREST_RESIN;10002;1;9996;2;9995;21;10004;2;10005;21;;;10003.0;548.0
-1;50700;RAINFOREST_RESIN;9996;2;9995;22;;;10004;2;10005;22;;;10000.0;552.0
-1;50700;KELP;2020;24;;;;;2023;24;;;;;2021.5;0.0
-1;50800;RAINFOREST_RESIN;10002;5;9996;2;9995;22;10004;2;10005;22;;;10003.0;552.0
-1;50800;KELP;2022;1;2020;24;;;2023;24;;;;;2022.5;0.0
-1;50900;KELP;2020;28;;;;;2022;4;2023;28;;;2021.0;0.0
-1;50900;RAINFOREST_RESIN;9996;1;9995;27;;;10004;1;10005;27;;;10000.0;562.0
-1;51000;KELP;2020;28;;;;;2023;28;;;;;2021.5;0.0
-1;51000;RAINFOREST_RESIN;9996;2;9995;26;;;10004;2;10005;26;;;10000.0;562.0
-1;51100;RAINFOREST_RESIN;9998;6;9996;1;9995;25;10004;1;10005;25;;;10001.0;562.0
-1;51100;KELP;2020;26;;;;;2023;26;;;;;2021.5;0.0
-1;51200;RAINFOREST_RESIN;9996;2;9995;28;;;10004;2;10005;28;;;10000.0;562.0
-1;51200;KELP;2020;30;;;;;2023;30;;;;;2021.5;0.0
-1;51300;KELP;2020;25;;;;;2023;25;;;;;2021.5;0.0
-1;51300;RAINFOREST_RESIN;9996;1;9995;24;;;10004;1;10005;24;;;10000.0;562.0
-1;51400;KELP;2020;30;;;;;2023;30;;;;;2021.5;0.0
-1;51400;RAINFOREST_RESIN;9995;30;;;;;10002;3;10005;30;;;9998.5;562.0
-1;51500;RAINFOREST_RESIN;9995;30;;;;;10005;30;;;;;10000.0;562.0
-1;51500;KELP;2022;1;2020;30;;;2023;30;;;;;2022.5;0.0
-1;51600;RAINFOREST_RESIN;10000;5;9996;2;9995;22;10002;1;10004;2;10005;22;10001.0;562.0
-1;51600;KELP;2021;5;2020;24;;;2023;24;;;;;2022.0;0.0
-1;51700;KELP;2020;16;;;;;2023;20;;;;;2021.5;0.0
-1;51700;RAINFOREST_RESIN;9995;20;;;;;10005;20;;;;;10000.0;564.0
-1;51800;KELP;2020;1;2019;24;;;2023;25;;;;;2021.5;0.0
-1;51800;RAINFOREST_RESIN;9996;1;9995;24;;;10004;1;10005;24;;;10000.0;578.0
-1;51900;RAINFOREST_RESIN;9996;1;9995;23;;;10004;1;10005;23;;;10000.0;578.0
-1;51900;KELP;2021;4;2019;24;;;2023;24;;;;;2022.0;0.0
-1;52000;RAINFOREST_RESIN;9998;3;9995;29;;;10005;29;;;;;10001.5;588.0
-1;52000;KELP;2019;29;;;;;2021;6;2023;29;;;2020.0;0.0
-1;52100;KELP;2019;21;;;;;2023;21;;;;;2021.0;0.0
-1;52100;RAINFOREST_RESIN;9995;21;;;;;10005;21;;;;;10000.0;588.0
-1;52200;KELP;2019;31;;;;;2023;31;;;;;2021.0;0.0
-1;52200;RAINFOREST_RESIN;9996;2;9995;29;;;10004;2;10005;29;;;10000.0;604.0
-1;52300;RAINFOREST_RESIN;10002;1;9996;1;9995;27;10004;1;10005;27;;;10003.0;604.0
-1;52300;KELP;2022;1;2019;28;;;2023;28;;;;;2022.5;0.0
-1;52400;RAINFOREST_RESIN;9998;3;9996;1;9995;29;10004;1;10005;29;;;10001.0;606.0
-1;52400;KELP;2020;30;;;;;2023;30;;;;;2021.5;0.0
-1;52500;KELP;2022;1;2020;28;;;2023;28;;;;;2022.5;0.0
-1;52500;RAINFOREST_RESIN;9996;1;9995;27;;;9998;1;10004;1;10005;27;9997.0;606.0
-1;52600;RAINFOREST_RESIN;9998;1;9996;1;9995;22;10000;4;10004;1;10005;22;9999.0;608.0
-1;52600;KELP;2020;1;2019;22;;;2021;4;2023;23;;;2020.5;0.0
-1;52700;KELP;2019;26;;;;;2023;27;;;;;2021.0;0.0
-1;52700;RAINFOREST_RESIN;9996;2;9995;25;;;10004;2;10005;25;;;10000.0;608.0
-1;52800;RAINFOREST_RESIN;9995;26;;;;;10005;26;;;;;10000.0;608.0
-1;52800;KELP;2019;26;;;;;2023;26;;;;;2021.0;0.0
-1;52900;KELP;2020;30;;;;;2023;30;;;;;2021.5;0.0
-1;52900;RAINFOREST_RESIN;9995;30;;;;;10005;30;;;;;10000.0;608.0
-1;53000;RAINFOREST_RESIN;10002;1;9996;1;9995;20;10004;1;10005;20;;;10003.0;620.0
-1;53000;KELP;2020;21;;;;;2023;21;;;;;2021.5;0.0
-1;53100;KELP;2019;24;;;;;2023;24;;;;;2021.0;0.0
-1;53100;RAINFOREST_RESIN;9995;24;;;;;10005;24;;;;;10000.0;622.0
-1;53200;RAINFOREST_RESIN;9996;1;9995;30;;;10004;1;10005;30;;;10000.0;622.0
-1;53200;KELP;2022;1;2019;31;;;2023;31;;;;;2022.5;0.0
-1;53300;KELP;2020;29;;;;;2023;29;;;;;2021.5;0.0
-1;53300;RAINFOREST_RESIN;9995;29;;;;;10005;29;;;;;10000.0;622.0
-1;53400;RAINFOREST_RESIN;9998;6;9996;2;9995;23;10004;2;10005;23;;;10001.0;622.0
-1;53400;KELP;2020;25;;;;;2023;25;;;;;2021.5;0.0
-1;53500;KELP;2020;23;;;;;2023;23;;;;;2021.5;0.0
-1;53500;RAINFOREST_RESIN;9996;2;9995;21;;;10002;1;10004;2;10005;21;9999.0;622.0
-1;53600;RAINFOREST_RESIN;9995;24;;;;;9998;9;10005;24;;;9996.5;622.0
-1;53600;KELP;2020;24;;;;;2023;24;;;;;2021.5;0.0
-1;53700;KELP;2019;30;;;;;2023;30;;;;;2021.0;0.0
-1;53700;RAINFOREST_RESIN;9998;1;9995;30;;;10005;30;;;;;10001.5;640.0
-1;53800;RAINFOREST_RESIN;10002;3;9995;30;;;10005;30;;;;;10003.5;640.0
-1;53800;KELP;2019;30;;;;;2023;30;;;;;2021.0;0.0
-1;53900;KELP;2019;27;;;;;2023;27;;;;;2021.0;0.0
-1;53900;RAINFOREST_RESIN;9996;2;9995;25;;;10004;2;10005;25;;;10000.0;646.0
-1;54000;RAINFOREST_RESIN;9998;6;9996;1;9995;30;10004;1;10005;30;;;10001.0;650.0
-1;54000;KELP;2020;31;;;;;2022;1;2023;31;;;2021.0;0.0
-1;54100;KELP;2020;24;;;;;2022;2;2023;24;;;2021.0;0.0
-1;54100;RAINFOREST_RESIN;9998;2;9996;2;9995;22;10004;2;10005;22;;;10001.0;650.0
-1;54200;RAINFOREST_RESIN;9995;28;;;;;10005;28;;;;;10000.0;650.0
-1;54200;KELP;2020;28;;;;;2023;28;;;;;2021.5;0.0
-1;54300;KELP;2022;1;2019;25;;;2023;25;;;;;2022.5;0.0
-1;54300;RAINFOREST_RESIN;9996;2;9995;23;;;10004;2;10005;23;;;10000.0;650.0
-1;54400;RAINFOREST_RESIN;9995;29;;;;;10005;29;;;;;10000.0;658.0
-1;54400;KELP;2019;29;;;;;2022;29;;;;;2020.5;0.0
-1;54500;KELP;2019;21;;;;;2022;21;;;;;2020.5;0.0
-1;54500;RAINFOREST_RESIN;9996;1;9995;20;;;10004;1;10005;20;;;10000.0;658.0
-1;54600;RAINFOREST_RESIN;10002;3;9995;27;;;10005;27;;;;;10003.5;658.0
-1;54600;KELP;2019;27;;;;;2023;27;;;;;2021.0;0.0
-1;54700;KELP;2019;29;;;;;2020;4;2022;29;;;2019.5;0.0
-1;54700;RAINFOREST_RESIN;9996;2;9995;27;;;10004;2;10005;27;;;10000.0;664.0
-1;54800;RAINFOREST_RESIN;9998;8;9995;27;;;10005;27;;;;;10001.5;664.0
-1;54800;KELP;2019;27;;;;;2021;1;2022;27;;;2020.0;0.0
-1;54900;KELP;2019;29;;;;;2022;29;;;;;2020.5;0.0
-1;54900;RAINFOREST_RESIN;9996;1;9995;28;;;10002;3;10004;1;10005;28;9999.0;664.0
-1;55000;RAINFOREST_RESIN;9996;2;9995;28;;;10002;8;10004;2;10005;28;9999.0;664.0
-1;55000;KELP;2019;36;;;;;2022;30;;;;;2020.5;0.0
-1;55100;KELP;2019;37;;;;;2022;29;;;;;2020.5;0.0
-1;55100;RAINFOREST_RESIN;9995;29;;;;;10005;29;;;;;10000.0;664.0
-1;55200;RAINFOREST_RESIN;9996;2;9995;21;;;10004;2;10005;21;;;10000.0;668.0
-1;55200;KELP;2018;21;;;;;2019;3;2020;8;2022;23;2018.5;0.0
-1;55300;RAINFOREST_RESIN;9996;2;9995;27;;;9998;1;10002;2;10004;2;9997.0;668.0
-1;55300;KELP;2018;29;;;;;2022;29;;;;;2020.0;0.0
-1;55400;RAINFOREST_RESIN;9998;3;9996;1;9995;21;10004;1;10005;21;;;10001.0;670.0
-1;55400;KELP;2019;2;2018;22;;;2022;22;;;;;2020.5;0.0
-1;55500;KELP;2021;1;2019;4;2018;25;2022;25;;;;;2021.5;0.0
-1;55500;RAINFOREST_RESIN;9995;25;;;;;10002;9;10005;25;;;9998.5;670.0
-1;55600;KELP;2019;3;2018;26;;;2022;26;;;;;2020.5;0.0
-1;55600;RAINFOREST_RESIN;9995;26;;;;;10005;26;;;;;10000.0;670.0
-1;55700;RAINFOREST_RESIN;9996;2;9995;21;;;10004;2;10005;21;;;10000.0;670.0
-1;55700;KELP;2019;25;;;;;2022;23;;;;;2020.5;0.0
-1;55800;RAINFOREST_RESIN;9998;6;9996;1;9995;26;10004;1;10005;26;;;10001.0;672.0
-1;55800;KELP;2018;27;;;;;2022;27;;;;;2020.0;0.0
-1;55900;KELP;2018;22;;;;;2022;22;;;;;2020.0;0.0
-1;55900;RAINFOREST_RESIN;9995;22;;;;;10005;22;;;;;10000.0;672.0
-1;56000;KELP;2018;24;;;;;2019;3;2021;2;2022;22;2018.5;0.0
-1;56000;RAINFOREST_RESIN;9996;2;9995;22;;;10002;10;10004;2;10005;22;9999.0;672.0
-1;56100;RAINFOREST_RESIN;9996;2;9995;20;;;10004;2;10005;20;;;10000.0;672.0
-1;56100;KELP;2019;22;;;;;2022;22;;;;;2020.5;0.0
-1;56200;RAINFOREST_RESIN;9996;1;9995;29;;;10004;1;10005;29;;;10000.0;672.0
-1;56200;KELP;2020;2;2018;30;;;2022;30;;;;;2021.0;0.0
-1;56300;KELP;2019;6;2018;27;;;2022;27;;;;;2020.5;0.0
-1;56300;RAINFOREST_RESIN;10002;1;9996;2;9995;25;10004;2;10005;25;;;10003.0;672.0
-1;56400;KELP;2018;31;;;;;2022;31;;;;;2020.0;0.0
-1;56400;RAINFOREST_RESIN;9996;1;9995;30;;;10004;1;10005;30;;;10000.0;674.0
-1;56500;RAINFOREST_RESIN;9996;2;9995;27;;;10004;2;10005;27;;;10000.0;674.0
-1;56500;KELP;2018;29;;;;;2022;29;;;;;2020.0;0.0
-1;56600;RAINFOREST_RESIN;9996;2;9995;29;;;10002;4;10004;2;10005;29;9999.0;674.0
-1;56600;KELP;2019;2;2018;29;;;2022;31;;;;;2020.5;0.0
-1;56700;KELP;2020;6;2018;26;;;2022;26;;;;;2021.0;0.0
-1;56700;RAINFOREST_RESIN;9998;3;9996;2;9995;24;10000;2;10004;2;10005;24;9999.0;674.0
-1;56800;KELP;2018;24;;;;;2021;2;2022;22;;;2019.5;0.0
-1;56800;RAINFOREST_RESIN;10002;1;9998;10;9996;2;10004;2;10005;22;;;10003.0;674.0
-1;56900;RAINFOREST_RESIN;9996;2;9995;20;;;10004;2;10005;20;;;10000.0;676.0
-1;56900;KELP;2018;24;;;;;2021;22;;;;;2019.5;0.0
-1;57000;RAINFOREST_RESIN;9996;1;9995;27;;;10004;1;10005;27;;;10000.0;676.0
-1;57000;KELP;2018;28;;;;;2020;8;2021;28;;;2019.0;0.0
-1;57100;KELP;2017;27;;;;;2020;27;;;;;2018.5;0.0
-1;57100;RAINFOREST_RESIN;9996;2;9995;25;;;10004;2;10005;25;;;10000.0;676.0
-1;57200;KELP;2019;1;2017;27;;;2020;27;;;;;2019.5;0.0
-1;57200;RAINFOREST_RESIN;10002;2;9996;1;9995;26;10004;1;10005;26;;;10003.0;676.0
-1;57300;RAINFOREST_RESIN;9996;1;9995;26;;;10002;9;10004;1;10005;26;9999.0;680.0
-1;57300;KELP;2017;27;;;;;2020;27;;;;;2018.5;0.0
-1;57400;RAINFOREST_RESIN;9995;24;;;;;10005;24;;;;;10000.0;680.0
-1;57400;KELP;2017;24;;;;;2019;2;2020;24;;;2018.0;0.0
-1;57500;KELP;2019;5;2017;30;;;2020;25;;;;;2019.5;0.0
-1;57500;RAINFOREST_RESIN;9998;5;9996;2;9995;23;10004;2;10005;23;;;10001.0;680.0
-1;57600;KELP;2017;24;;;;;2020;24;;;;;2018.5;0.0
-1;57600;RAINFOREST_RESIN;9995;24;;;;;10005;24;;;;;10000.0;680.0
-1;57700;RAINFOREST_RESIN;9995;29;;;;;10005;29;;;;;10000.0;680.0
-1;57700;KELP;2017;29;;;;;2020;29;;;;;2018.5;0.0
-1;57800;RAINFOREST_RESIN;9998;1;9996;2;9995;29;10004;2;10005;29;;;10001.0;680.0
-1;57800;KELP;2017;31;;;;;2020;2;2021;29;;;2018.5;0.0
-1;57900;KELP;2017;27;;;;;2018;6;2019;5;2020;2;2017.5;0.0
-1;57900;RAINFOREST_RESIN;9996;2;9995;25;;;9998;1;10000;6;10004;2;9997.0;680.0
-1;58000;KELP;2017;29;;;;;2020;1;2021;24;;;2018.5;0.0
-1;58000;RAINFOREST_RESIN;9996;1;9995;24;;;9998;4;10004;1;10005;24;9997.0;680.0
-1;58100;RAINFOREST_RESIN;9995;23;;;;;10005;23;;;;;10000.0;680.0
-1;58100;KELP;2017;23;;;;;2020;23;;;;;2018.5;0.0
-1;58200;RAINFOREST_RESIN;9996;1;9995;30;;;10004;1;10005;30;;;10000.0;683.0
-1;58200;KELP;2017;31;;;;;2020;31;;;;;2018.5;0.0
-1;58300;KELP;2017;29;;;;;2020;29;;;;;2018.5;0.0
-1;58300;RAINFOREST_RESIN;9995;29;;;;;10005;29;;;;;10000.0;683.0
-1;58400;KELP;2016;23;;;;;2018;1;2019;23;;;2017.0;0.0
-1;58400;RAINFOREST_RESIN;9996;2;9995;21;;;10004;2;10005;21;;;10000.0;683.0
-1;58500;RAINFOREST_RESIN;9995;21;;;;;10002;1;10005;21;;;9998.5;683.0
-1;58500;KELP;2016;21;;;;;2019;21;;;;;2017.5;0.0
-1;58600;RAINFOREST_RESIN;10002;1;9995;25;;;10005;25;;;;;10003.5;683.0
-1;58600;KELP;2015;25;;;;;2017;7;2019;25;;;2016.0;0.0
-1;58700;KELP;2015;34;;;;;2018;32;;;;;2016.5;0.0
-1;58700;RAINFOREST_RESIN;9996;2;9995;30;;;10004;2;10005;30;;;10000.0;685.0
-1;58800;KELP;2015;29;;;;;2019;29;;;;;2017.0;0.0
-1;58800;RAINFOREST_RESIN;9995;29;;;;;10002;1;10005;29;;;9998.5;685.0
-1;58900;RAINFOREST_RESIN;9996;1;9995;24;;;10004;1;10005;24;;;10000.0;709.0
-1;58900;KELP;2015;25;;;;;2019;25;;;;;2017.0;0.0
-1;59000;RAINFOREST_RESIN;9996;2;9995;20;;;10004;2;10005;20;;;10000.0;709.0
-1;59000;KELP;2016;22;;;;;2019;22;;;;;2017.5;0.0
-1;59100;KELP;2016;34;;;;;2019;27;;;;;2017.5;0.0
-1;59100;RAINFOREST_RESIN;9995;27;;;;;10005;27;;;;;10000.0;709.0
-1;59200;KELP;2016;31;;;;;2020;31;;;;;2018.0;0.0
-1;59200;RAINFOREST_RESIN;9998;4;9996;2;9995;29;10004;2;10005;29;;;10001.0;710.0
-1;59300;RAINFOREST_RESIN;9996;1;9995;26;;;10004;1;10005;26;;;10000.0;710.0
-1;59300;KELP;2016;26;;;;;2018;2;2019;27;;;2017.0;0.0
-1;59400;RAINFOREST_RESIN;9996;1;9995;21;;;10004;1;10005;21;;;10000.0;710.0
-1;59400;KELP;2015;22;;;;;2019;22;;;;;2017.0;0.0
-1;59500;KELP;2015;23;;;;;2019;23;;;;;2017.0;0.0
-1;59500;RAINFOREST_RESIN;10002;5;9995;23;;;10005;23;;;;;10003.5;710.0
-1;59600;KELP;2016;29;;;;;2019;29;;;;;2017.5;0.0
-1;59600;RAINFOREST_RESIN;9996;2;9995;27;;;10004;2;10005;27;;;10000.0;720.0
-1;59700;RAINFOREST_RESIN;9995;21;;;;;10005;21;;;;;10000.0;720.0
-1;59700;KELP;2015;21;;;;;2018;21;;;;;2016.5;0.0
-1;59800;RAINFOREST_RESIN;9996;1;9995;24;;;10004;1;10005;24;;;10000.0;720.0
-1;59800;KELP;2015;25;;;;;2018;25;;;;;2016.5;0.0
-1;59900;KELP;2015;24;;;;;2018;24;;;;;2016.5;0.0
-1;59900;RAINFOREST_RESIN;9996;1;9995;23;;;10002;6;10004;1;10005;23;9999.0;720.0
-1;60000;KELP;2015;22;;;;;2018;22;;;;;2016.5;0.0
-1;60000;RAINFOREST_RESIN;9998;3;9995;22;;;10005;22;;;;;10001.5;720.0
-1;60100;RAINFOREST_RESIN;9996;2;9995;25;;;10004;2;10005;25;;;10000.0;722.0
-1;60100;KELP;2015;27;;;;;2018;27;;;;;2016.5;0.0
-1;60200;RAINFOREST_RESIN;9995;25;;;;;10005;25;;;;;10000.0;722.0
-1;60200;KELP;2016;3;2015;25;;;2018;25;;;;;2017.0;0.0
-1;60300;KELP;2015;28;;;;;2018;28;;;;;2016.5;0.0
-1;60300;RAINFOREST_RESIN;9996;1;9995;27;;;10004;1;10005;27;;;10000.0;738.0
-1;60400;KELP;2015;1;2014;20;;;2018;21;;;;;2016.5;0.0
-1;60400;RAINFOREST_RESIN;9996;1;9995;20;;;9998;1;10004;1;10005;20;9997.0;738.0
-1;60500;RAINFOREST_RESIN;9996;1;9995;23;;;10004;1;10005;23;;;10000.0;740.0
-1;60500;KELP;2015;24;;;;;2018;24;;;;;2016.5;0.0
-1;60600;RAINFOREST_RESIN;9996;2;9995;22;;;10004;2;10005;22;;;10000.0;740.0
-1;60600;KELP;2015;26;;;;;2018;24;;;;;2016.5;0.0
-1;60700;KELP;2015;22;;;;;2017;5;2018;22;;;2016.0;0.0
-1;60700;RAINFOREST_RESIN;9995;22;;;;;10005;22;;;;;10000.0;740.0
-1;60800;KELP;2015;31;;;;;2018;32;;;;;2016.5;0.0
-1;60800;RAINFOREST_RESIN;10002;10;9996;2;9995;30;10004;2;10005;30;;;10003.0;740.0
-1;60900;RAINFOREST_RESIN;9996;2;9995;29;;;10004;2;10005;29;;;10000.0;758.0
-1;60900;KELP;2015;28;;;;;2017;4;2018;31;;;2016.0;0.0
-1;61000;RAINFOREST_RESIN;9995;28;;;;;10005;28;;;;;10000.0;758.0
-1;61000;KELP;2015;28;;;;;2018;28;;;;;2016.5;0.0
-1;61100;KELP;2015;29;;;;;2017;3;2018;29;;;2016.0;0.0
-1;61100;RAINFOREST_RESIN;9995;29;;;;;10005;29;;;;;10000.0;758.0
-1;61200;KELP;2015;22;;;;;2016;2;2018;22;;;2015.5;0.0
-1;61200;RAINFOREST_RESIN;9998;9;9996;1;9995;21;10000;2;10004;1;10005;21;9999.0;758.0
-1;61300;RAINFOREST_RESIN;9996;1;9995;22;;;10004;1;10005;22;;;10000.0;758.0
-1;61300;KELP;2015;23;;;;;2018;23;;;;;2016.5;0.0
-1;61400;RAINFOREST_RESIN;9996;1;9995;30;;;10004;1;10005;30;;;10000.0;758.0
-1;61400;KELP;2015;31;;;;;2018;1;2019;30;;;2016.5;0.0
-1;61500;KELP;2015;29;;;;;2018;29;;;;;2016.5;0.0
-1;61500;RAINFOREST_RESIN;9996;2;9995;27;;;10004;2;10005;27;;;10000.0;758.0
-1;61600;RAINFOREST_RESIN;9996;2;9995;28;;;10004;2;10005;28;;;10000.0;758.0
-1;61600;KELP;2015;30;;;;;2017;5;2018;30;;;2016.0;0.0
-1;61700;KELP;2014;26;;;;;2016;7;2017;27;;;2015.0;0.0
-1;61700;RAINFOREST_RESIN;9996;1;9995;26;;;10004;1;10005;26;;;10000.0;758.0
-1;61800;RAINFOREST_RESIN;9995;20;;;;;10005;20;;;;;10000.0;758.0
-1;61800;KELP;2015;20;;;;;2018;20;;;;;2016.5;0.0
-1;61900;KELP;2014;26;;;;;2017;26;;;;;2015.5;0.0
-1;61900;RAINFOREST_RESIN;9995;26;;;;;9998;1;10005;26;;;9996.5;758.0
-1;62000;RAINFOREST_RESIN;9995;20;;;;;10005;20;;;;;10000.0;758.0
-1;62000;KELP;2016;1;2014;20;;;2017;20;;;;;2016.5;0.0
-1;62100;KELP;2014;25;;;;;2017;25;;;;;2015.5;0.0
-1;62100;RAINFOREST_RESIN;9996;2;9995;23;;;10004;2;10005;23;;;10000.0;758.0
-1;62200;RAINFOREST_RESIN;9995;25;;;;;10002;3;10005;25;;;9998.5;758.0
-1;62200;KELP;2014;25;;;;;2017;25;;;;;2015.5;0.0
-1;62300;KELP;2014;22;;;;;2017;22;;;;;2015.5;0.0
-1;62300;RAINFOREST_RESIN;9995;22;;;;;10005;22;;;;;10000.0;758.0
-1;62400;RAINFOREST_RESIN;9996;2;9995;23;;;10004;2;10005;23;;;10000.0;760.0
-1;62400;KELP;2014;25;;;;;2016;8;2018;25;;;2015.0;0.0
-1;62500;KELP;2015;3;2014;23;;;2018;24;;;;;2016.5;0.0
-1;62500;RAINFOREST_RESIN;9996;1;9995;23;;;10004;1;10005;23;;;10000.0;760.0
-1;62600;RAINFOREST_RESIN;9995;29;;;;;10005;29;;;;;10000.0;760.0
-1;62600;KELP;2015;29;;;;;2018;29;;;;;2016.5;0.0
-1;62700;KELP;2015;26;;;;;2018;26;;;;;2016.5;0.0
-1;62700;RAINFOREST_RESIN;9996;2;9995;24;;;10004;2;10005;24;;;10000.0;760.0
-1;62800;RAINFOREST_RESIN;9995;26;;;;;10005;26;;;;;10000.0;760.0
-1;62800;KELP;2015;25;;;;;2017;1;2019;26;;;2016.0;0.0
-1;62900;KELP;2016;29;;;;;2018;1;2019;29;;;2017.0;0.0
-1;62900;RAINFOREST_RESIN;9996;2;9995;27;;;9998;4;10004;2;10005;27;9997.0;760.0
-1;63000;RAINFOREST_RESIN;9995;29;;;;;10005;29;;;;;10000.0;760.0
-1;63000;KELP;2016;29;;;;;2018;4;2019;29;;;2017.0;0.0
-1;63100;KELP;2016;25;;;;;2020;26;;;;;2018.0;0.0
-1;63100;RAINFOREST_RESIN;9996;2;9995;24;;;10004;2;10005;24;;;10000.0;760.0
-1;63200;RAINFOREST_RESIN;9995;28;;;;;10005;28;;;;;10000.0;760.0
-1;63200;KELP;2016;28;;;;;2020;28;;;;;2018.0;0.0
-1;63300;KELP;2016;32;;;;;2019;2;2020;30;;;2017.5;0.0
-1;63300;RAINFOREST_RESIN;9996;2;9995;30;;;10004;2;10005;30;;;10000.0;760.0
-1;63400;RAINFOREST_RESIN;9996;2;9995;24;;;10004;2;10005;24;;;10000.0;760.0
-1;63400;KELP;2018;3;2016;26;;;2020;26;;;;;2019.0;0.0
-1;63500;KELP;2016;22;;;;;2019;20;;;;;2017.5;0.0
-1;63500;RAINFOREST_RESIN;9998;8;9995;20;;;10005;20;;;;;10001.5;760.0
-1;63600;RAINFOREST_RESIN;9995;21;;;;;10005;21;;;;;10000.0;760.0
-1;63600;KELP;2018;1;2016;21;;;2019;21;;;;;2018.5;0.0
-1;63700;KELP;2017;8;2016;30;;;2019;2;2020;28;;;2018.0;0.0
-1;63700;RAINFOREST_RESIN;9996;2;9995;28;;;10002;6;10004;2;10005;28;9999.0;760.0
-1;63800;RAINFOREST_RESIN;9996;1;9995;21;;;10004;1;10005;21;;;10000.0;760.0
-1;63800;KELP;2016;21;;;;;2018;7;2020;22;;;2017.0;0.0
-1;63900;KELP;2016;21;;;;;2018;6;2020;21;;;2017.0;0.0
-1;63900;RAINFOREST_RESIN;9995;21;;;;;10005;21;;;;;10000.0;760.0
-1;64000;RAINFOREST_RESIN;9998;6;9995;30;;;10005;30;;;;;10001.5;784.0
-1;64000;KELP;2016;30;;;;;2019;30;;;;;2017.5;0.0
-1;64100;KELP;2016;27;;;;;2019;27;;;;;2017.5;0.0
-1;64100;RAINFOREST_RESIN;9995;27;;;;;10002;6;10005;27;;;9998.5;784.0
-1;64200;KELP;2015;25;;;;;2018;25;;;;;2016.5;0.0
-1;64200;RAINFOREST_RESIN;9996;1;9995;24;;;10004;1;10005;24;;;10000.0;784.0
-1;64300;RAINFOREST_RESIN;9998;7;9996;1;9995;22;10004;1;10005;22;;;10001.0;793.0
-1;64300;KELP;2015;23;;;;;2018;23;;;;;2016.5;0.0
-1;64400;RAINFOREST_RESIN;9998;8;9996;2;9995;27;10004;2;10005;27;;;10001.0;793.0
-1;64400;KELP;2015;31;;;;;2018;29;;;;;2016.5;0.0
-1;64500;KELP;2015;29;;;;;2017;6;2018;29;;;2016.0;0.0
-1;64500;RAINFOREST_RESIN;9998;5;9996;2;9995;27;10004;2;10005;27;;;10001.0;793.0
-1;64600;KELP;2015;26;;;;;2018;26;;;;;2016.5;0.0
-1;64600;RAINFOREST_RESIN;9995;26;;;;;10005;26;;;;;10000.0;793.0
-1;64700;RAINFOREST_RESIN;9995;28;;;;;10005;28;;;;;10000.0;793.0
-1;64700;KELP;2015;28;;;;;2018;28;;;;;2016.5;0.0
-1;64800;RAINFOREST_RESIN;9996;2;9995;30;;;10004;2;10005;30;;;10000.0;793.0
-1;64800;KELP;2015;2;2014;30;;;2018;32;;;;;2016.5;0.0
-1;64900;KELP;2015;31;;;;;2017;3;2018;31;;;2016.0;0.0
-1;64900;RAINFOREST_RESIN;9996;2;9995;29;;;10004;2;10005;29;;;10000.0;793.0
-1;65000;KELP;2015;25;;;;;2018;25;;;;;2016.5;0.0
-1;65000;RAINFOREST_RESIN;9995;25;;;;;9998;1;10005;25;;;9996.5;793.0
-1;65100;RAINFOREST_RESIN;9996;2;9995;23;;;10004;2;10005;23;;;10000.0;795.0
-1;65100;KELP;2015;25;;;;;2018;25;;;;;2016.5;0.0
-1;65200;RAINFOREST_RESIN;9998;8;9995;29;;;10005;29;;;;;10001.5;801.0
-1;65200;KELP;2017;1;2015;29;;;2019;29;;;;;2018.0;0.0
-1;65300;KELP;2015;21;;;;;2017;2;2018;21;;;2016.0;0.0
-1;65300;RAINFOREST_RESIN;9995;21;;;;;10002;3;10005;21;;;9998.5;801.0
-1;65400;KELP;2015;28;;;;;2016;3;2018;28;;;2015.5;0.0
-1;65400;RAINFOREST_RESIN;9996;2;9995;26;;;10000;3;10004;2;10005;26;9998.0;801.0
-1;65500;RAINFOREST_RESIN;9996;2;9995;27;;;10004;2;10005;27;;;10000.0;801.0
-1;65500;KELP;2015;36;;;;;2018;29;;;;;2016.5;0.0
-1;65600;RAINFOREST_RESIN;9998;5;9995;20;;;10005;20;;;;;10001.5;801.0
-1;65600;KELP;2015;20;;;;;2019;20;;;;;2017.0;0.0
-1;65700;KELP;2014;29;;;;;2018;29;;;;;2016.0;0.0
-1;65700;RAINFOREST_RESIN;9995;29;;;;;10005;29;;;;;10000.0;801.0
-1;65800;KELP;2015;20;;;;;2017;7;2018;20;;;2016.0;0.0
-1;65800;RAINFOREST_RESIN;9998;9;9995;20;;;10005;20;;;;;10001.5;801.0
-1;65900;RAINFOREST_RESIN;9996;1;9995;23;;;10004;1;10005;23;;;10000.0;801.0
-1;65900;KELP;2015;29;;;;;2018;24;;;;;2016.5;0.0
-1;66000;RAINFOREST_RESIN;9998;4;9996;2;9995;22;10004;2;10005;22;;;10001.0;801.0
-1;66000;KELP;2015;24;;;;;2018;24;;;;;2016.5;0.0
-1;66100;KELP;2015;27;;;;;2018;27;;;;;2016.5;0.0
-1;66100;RAINFOREST_RESIN;9996;1;9995;26;;;9998;1;10004;1;10005;26;9997.0;801.0
-1;66200;KELP;2016;5;2015;20;;;2019;20;;;;;2017.5;0.0
-1;66200;RAINFOREST_RESIN;10002;1;10000;5;9995;20;10005;20;;;;;10003.5;801.0
-1;66300;RAINFOREST_RESIN;9996;1;9995;24;;;10004;1;10005;24;;;10000.0;803.0
-1;66300;KELP;2018;1;2016;2;2015;25;2019;25;;;;;2018.5;0.0
-1;66400;RAINFOREST_RESIN;9995;21;;;;;9998;3;10005;21;;;9996.5;803.0
-1;66400;KELP;2015;21;;;;;2019;21;;;;;2017.0;0.0
-1;66500;KELP;2015;22;;;;;2019;22;;;;;2017.0;0.0
-1;66500;RAINFOREST_RESIN;9996;2;9995;20;;;10004;2;10005;20;;;10000.0;803.0
-1;66600;KELP;2015;22;;;;;2017;3;2019;22;;;2016.0;0.0
-1;66600;RAINFOREST_RESIN;9995;22;;;;;10005;22;;;;;10000.0;803.0
-1;66700;RAINFOREST_RESIN;9998;9;9995;27;;;10005;27;;;;;10001.5;803.0
-1;66700;KELP;2014;27;;;;;2018;27;;;;;2016.0;0.0
-1;66800;RAINFOREST_RESIN;9995;30;;;;;10005;30;;;;;10000.0;803.0
-1;66800;KELP;2014;30;;;;;2018;30;;;;;2016.0;0.0
-1;66900;KELP;2017;1;2015;4;2014;23;2018;23;;;;;2017.5;0.0
-1;66900;RAINFOREST_RESIN;9998;4;9995;23;;;10005;23;;;;;10001.5;803.0
-1;67000;KELP;2015;25;;;;;2018;25;;;;;2016.5;0.0
-1;67000;RAINFOREST_RESIN;9996;1;9995;24;;;10004;1;10005;24;;;10000.0;803.0
-1;67100;RAINFOREST_RESIN;9995;23;;;;;10005;23;;;;;10000.0;803.0
-1;67100;KELP;2015;23;;;;;2018;23;;;;;2016.5;0.0
-1;67200;RAINFOREST_RESIN;9996;2;9995;20;;;10002;3;10004;2;10005;20;9999.0;803.0
-1;67200;KELP;2015;21;;;;;2018;22;;;;;2016.5;0.0
-1;67300;KELP;2015;31;;;;;2018;30;;;;;2016.5;0.0
-1;67300;RAINFOREST_RESIN;9995;30;;;;;9998;3;10005;30;;;9996.5;803.0
-1;67400;KELP;2015;26;;;;;2018;26;;;;;2016.5;0.0
-1;67400;RAINFOREST_RESIN;9998;4;9996;1;9995;25;10004;1;10005;25;;;10001.0;803.0
-1;67500;RAINFOREST_RESIN;9995;21;;;;;10005;21;;;;;10000.0;803.0
-1;67500;KELP;2015;20;;;;;2018;21;;;;;2016.5;0.0
-1;67600;RAINFOREST_RESIN;9996;2;9995;25;;;10004;2;10005;25;;;10000.0;803.0
-1;67600;KELP;2015;27;;;;;2018;27;;;;;2016.5;0.0
-1;67700;KELP;2015;33;;;;;2018;30;;;;;2016.5;0.0
-1;67700;RAINFOREST_RESIN;9996;1;9995;29;;;10004;1;10005;29;;;10000.0;803.0
-1;67800;KELP;2015;38;;;;;2018;30;;;;;2016.5;0.0
-1;67800;RAINFOREST_RESIN;9998;3;9995;30;;;10005;30;;;;;10001.5;803.0
-1;67900;RAINFOREST_RESIN;9995;25;;;;;10005;25;;;;;10000.0;803.0
-1;67900;KELP;2015;25;;;;;2018;25;;;;;2016.5;0.0
-1;68000;RAINFOREST_RESIN;9996;2;9995;21;;;10004;2;10005;21;;;10000.0;803.0
-1;68000;KELP;2015;23;;;;;2018;23;;;;;2016.5;0.0
-1;68100;KELP;2015;31;;;;;2017;4;2018;31;;;2016.0;0.0
-1;68100;RAINFOREST_RESIN;9996;2;9995;29;;;10004;2;10005;29;;;10000.0;803.0
-1;68200;KELP;2017;1;2015;31;;;2018;31;;;;;2017.5;0.0
-1;68200;RAINFOREST_RESIN;9996;2;9995;29;;;10004;2;10005;29;;;10000.0;803.0
-1;68300;RAINFOREST_RESIN;9996;1;9995;28;;;10004;1;10005;28;;;10000.0;803.0
-1;68300;KELP;2017;1;2015;29;;;2018;29;;;;;2017.5;0.0
-1;68400;RAINFOREST_RESIN;9996;2;9995;26;;;10004;2;10005;26;;;10000.0;803.0
-1;68400;KELP;2015;28;;;;;2018;28;;;;;2016.5;0.0
-1;68500;KELP;2015;23;;;;;2018;23;;;;;2016.5;0.0
-1;68500;RAINFOREST_RESIN;9995;23;;;;;10002;5;10005;23;;;9998.5;803.0
-1;68600;KELP;2015;24;;;;;2018;25;;;;;2016.5;0.0
-1;68600;RAINFOREST_RESIN;9996;1;9995;24;;;10004;1;10005;24;;;10000.0;803.0
-1;68700;RAINFOREST_RESIN;9996;1;9995;27;;;10004;1;10005;27;;;10000.0;803.0
-1;68700;KELP;2015;28;;;;;2018;28;;;;;2016.5;0.0
-1;68800;RAINFOREST_RESIN;9995;22;;;;;9998;1;10005;22;;;9996.5;803.0
-1;68800;KELP;2015;22;;;;;2018;22;;;;;2016.5;0.0
-1;68900;KELP;2017;1;2015;28;;;2018;28;;;;;2017.5;0.0
-1;68900;RAINFOREST_RESIN;9996;1;9995;27;;;10004;1;10005;27;;;10000.0;803.0
-1;69000;KELP;2015;30;;;;;2018;30;;;;;2016.5;0.0
-1;69000;RAINFOREST_RESIN;9996;2;9995;28;;;10004;2;10005;28;;;10000.0;803.0
-1;69100;RAINFOREST_RESIN;9998;9;9996;1;9995;30;10004;1;10005;30;;;10001.0;803.0
-1;69100;KELP;2015;30;;;;;2018;31;;;;;2016.5;0.0
-1;69200;RAINFOREST_RESIN;9996;2;9995;28;;;10004;2;10005;28;;;10000.0;803.0
-1;69200;KELP;2017;3;2015;30;;;2018;30;;;;;2017.5;0.0
-1;69300;KELP;2017;1;2015;21;;;2018;21;;;;;2017.5;0.0
-1;69300;RAINFOREST_RESIN;9995;21;;;;;9998;1;10005;21;;;9996.5;803.0
-1;69400;KELP;2015;26;;;;;2018;26;;;;;2016.5;0.0
-1;69400;RAINFOREST_RESIN;10002;1;9998;2;9996;1;10004;1;10005;25;;;10003.0;803.0
-1;69500;RAINFOREST_RESIN;9998;1;9996;2;9995;24;10004;2;10005;24;;;10001.0;805.0
-1;69500;KELP;2015;32;;;;;2018;26;;;;;2016.5;0.0
-1;69600;RAINFOREST_RESIN;9995;23;;;;;10005;23;;;;;10000.0;805.0
-1;69600;KELP;2015;22;;;;;2018;23;;;;;2016.5;0.0
-1;69700;KELP;2015;21;;;;;2018;21;;;;;2016.5;0.0
-1;69700;RAINFOREST_RESIN;10002;1;9996;1;9995;20;10004;1;10005;20;;;10003.0;805.0
-1;69800;KELP;2015;24;;;;;2018;24;;;;;2016.5;0.0
-1;69800;RAINFOREST_RESIN;9996;1;9995;23;;;10004;1;10005;23;;;10000.0;811.0
-1;69900;RAINFOREST_RESIN;9996;2;9995;27;;;10004;2;10005;27;;;10000.0;811.0
-1;69900;KELP;2015;29;;;;;2018;29;;;;;2016.5;0.0
-1;70000;RAINFOREST_RESIN;9996;2;9995;27;;;10004;2;10005;27;;;10000.0;811.0
-1;70000;KELP;2015;29;;;;;2018;29;;;;;2016.5;0.0
-1;70100;KELP;2015;23;;;;;2018;2;2019;22;;;2016.5;0.0
-1;70100;RAINFOREST_RESIN;9996;2;9995;22;;;10004;2;10005;22;;;10000.0;811.0
-1;70200;KELP;2015;22;;;;;2018;22;;;;;2016.5;0.0
-1;70200;RAINFOREST_RESIN;9996;1;9995;21;;;10004;1;10005;21;;;10000.0;811.0
-1;70300;RAINFOREST_RESIN;9996;1;9995;25;;;9998;2;10004;1;10005;25;9997.0;811.0
-1;70300;KELP;2015;26;;;;;2018;26;;;;;2016.5;0.0
-1;70400;RAINFOREST_RESIN;9995;26;;;;;10005;26;;;;;10000.0;811.0
-1;70400;KELP;2015;26;;;;;2017;6;2018;26;;;2016.0;0.0
-1;70500;KELP;2015;23;;;;;2016;3;2017;3;2018;23;2015.5;0.0
-1;70500;RAINFOREST_RESIN;9995;23;;;;;10000;3;10005;23;;;9997.5;811.0
-1;70600;RAINFOREST_RESIN;9996;1;9995;27;;;10004;1;10005;27;;;10000.0;811.0
-1;70600;KELP;2015;34;;;;;2018;28;;;;;2016.5;0.0
-1;70700;KELP;2015;26;;;;;2018;26;;;;;2016.5;0.0
-1;70700;RAINFOREST_RESIN;9995;26;;;;;10005;26;;;;;10000.0;817.0
-1;70800;RAINFOREST_RESIN;10002;1;9995;27;;;10005;27;;;;;10003.5;817.0
-1;70800;KELP;2015;26;;;;;2018;27;;;;;2016.5;0.0
-1;70900;KELP;2015;32;;;;;2018;32;;;;;2016.5;0.0
-1;70900;RAINFOREST_RESIN;9996;2;9995;30;;;10004;2;10005;30;;;10000.0;819.0
-1;71000;RAINFOREST_RESIN;9996;1;9995;29;;;10002;5;10004;1;10005;29;9999.0;819.0
-1;71000;KELP;2015;30;;;;;2018;30;;;;;2016.5;0.0
-1;71100;KELP;2015;22;;;;;2018;22;;;;;2016.5;0.0
-1;71100;RAINFOREST_RESIN;9998;9;9996;1;9995;21;10004;1;10005;21;;;10001.0;819.0
-1;71200;RAINFOREST_RESIN;10002;1;9996;1;9995;28;10004;1;10005;28;;;10003.0;819.0
-1;71200;KELP;2015;28;;;;;2018;29;;;;;2016.5;0.0
-1;71300;KELP;2015;28;;;;;2017;4;2018;28;;;2016.0;0.0
-1;71300;RAINFOREST_RESIN;9996;2;9995;26;;;10002;4;10004;2;10005;26;9999.0;821.0
-1;71400;RAINFOREST_RESIN;9996;2;9995;24;;;10002;3;10004;2;10005;24;9999.0;821.0
-1;71400;KELP;2015;26;;;;;2018;26;;;;;2016.5;0.0
-1;71500;KELP;2015;25;;;;;2018;28;;;;;2016.5;0.0
-1;71500;RAINFOREST_RESIN;10002;1;9996;2;9995;26;10004;2;10005;26;;;10003.0;821.0
-1;71600;RAINFOREST_RESIN;9996;1;9995;27;;;9998;3;10004;1;10005;27;9997.0;823.0
-1;71600;KELP;2014;28;;;;;2018;28;;;;;2016.0;0.0
-1;71700;KELP;2014;31;;;;;2016;4;2018;31;;;2015.0;0.0
-1;71700;RAINFOREST_RESIN;9996;2;9995;29;;;10004;2;10005;29;;;10000.0;829.0
-1;71800;RAINFOREST_RESIN;10002;1;9996;2;9995;25;10004;2;10005;25;;;10003.0;829.0
-1;71800;KELP;2014;27;;;;;2018;27;;;;;2016.0;0.0
-1;71900;KELP;2014;26;;;;;2018;26;;;;;2016.0;0.0
-1;71900;RAINFOREST_RESIN;10002;1;9996;1;9995;25;10004;1;10005;25;;;10003.0;831.0
-1;72000;RAINFOREST_RESIN;9996;1;9995;20;;;10004;1;10005;20;;;10000.0;833.0
-1;72000;KELP;2015;21;;;;;2017;6;2018;21;;;2016.0;0.0
-1;72100;KELP;2014;21;;;;;2016;5;2018;21;;;2015.0;0.0
-1;72100;RAINFOREST_RESIN;9995;21;;;;;10005;21;;;;;10000.0;833.0
-1;72200;RAINFOREST_RESIN;9996;2;9995;29;;;10004;2;10005;29;;;10000.0;833.0
-1;72200;KELP;2016;3;2014;31;;;2018;31;;;;;2017.0;0.0
-1;72300;KELP;2014;23;;;;;2018;23;;;;;2016.0;0.0
-1;72300;RAINFOREST_RESIN;9996;1;9995;22;;;10002;8;10004;1;10005;22;9999.0;833.0
-1;72400;RAINFOREST_RESIN;10002;1;9996;2;9995;20;10004;2;10005;20;;;10003.0;833.0
-1;72400;KELP;2014;22;;;;;2016;6;2018;22;;;2015.0;0.0
-1;72500;KELP;2014;34;;;;;2017;27;;;;;2015.5;0.0
-1;72500;RAINFOREST_RESIN;9996;2;9995;25;;;10004;2;10005;25;;;10000.0;835.0
-1;72600;RAINFOREST_RESIN;9996;2;9995;27;;;10004;2;10005;27;;;10000.0;837.0
-1;72600;KELP;2014;35;;;;;2015;4;2017;29;;;2014.5;0.0
-1;72700;KELP;2014;23;;;;;2017;23;;;;;2015.5;0.0
-1;72700;RAINFOREST_RESIN;9995;23;;;;;10005;23;;;;;10000.0;837.0
-1;72800;RAINFOREST_RESIN;9995;20;;;;;10005;20;;;;;10000.0;837.0
-1;72800;KELP;2014;20;;;;;2017;20;;;;;2015.5;0.0
-1;72900;KELP;2014;24;;;;;2017;24;;;;;2015.5;0.0
-1;72900;RAINFOREST_RESIN;9998;1;9996;2;9995;22;10004;2;10005;22;;;10001.0;837.0
-1;73000;RAINFOREST_RESIN;9996;1;9995;21;;;10002;7;10004;1;10005;21;9999.0;839.0
-1;73000;KELP;2014;21;;;;;2016;2;2017;22;;;2015.0;0.0
-1;73100;KELP;2014;31;;;;;2017;31;;;;;2015.5;0.0
-1;73100;RAINFOREST_RESIN;9996;2;9995;29;;;10002;3;10004;2;10005;29;9999.0;839.0
-1;73200;KELP;2014;21;;;;;2017;21;;;;;2015.5;0.0
-1;73200;RAINFOREST_RESIN;9995;21;;;;;10005;21;;;;;10000.0;839.0
-1;73300;RAINFOREST_RESIN;9996;1;9995;29;;;10004;1;10005;29;;;10000.0;839.0
-1;73300;KELP;2014;30;;;;;2017;30;;;;;2015.5;0.0
-1;73400;RAINFOREST_RESIN;9995;30;;;;;9998;1;10005;30;;;9996.5;839.0
-1;73400;KELP;2014;30;;;;;2016;4;2017;30;;;2015.0;0.0
-1;73500;KELP;2014;25;;;;;2017;25;;;;;2015.5;0.0
-1;73500;RAINFOREST_RESIN;9996;2;9995;23;;;10004;2;10005;23;;;10000.0;841.0
-1;73600;KELP;2014;25;;;;;2017;25;;;;;2015.5;0.0
-1;73600;RAINFOREST_RESIN;9996;1;9995;24;;;10004;1;10005;24;;;10000.0;841.0
-1;73700;RAINFOREST_RESIN;9995;24;;;;;10005;24;;;;;10000.0;841.0
-1;73700;KELP;2014;24;;;;;2017;24;;;;;2015.5;0.0
-1;73800;RAINFOREST_RESIN;9995;24;;;;;10005;24;;;;;10000.0;841.0
-1;73800;KELP;2014;24;;;;;2016;5;2018;24;;;2015.0;0.0
-1;73900;KELP;2015;27;;;;;2018;30;;;;;2016.5;0.0
-1;73900;RAINFOREST_RESIN;9995;30;;;;;10005;30;;;;;10000.0;841.0
-1;74000;KELP;2015;26;;;;;2017;3;2018;26;;;2016.0;0.0
-1;74000;RAINFOREST_RESIN;10002;1;9998;10;9996;2;10004;2;10005;24;;;10003.0;841.0
-1;74100;RAINFOREST_RESIN;10000;6;9996;2;9995;30;10004;2;10005;30;;;10002.0;843.0
-1;74100;KELP;2016;6;2015;32;;;2018;32;;;;;2017.0;0.0
-1;74200;RAINFOREST_RESIN;9996;2;9995;20;;;10002;6;10004;2;10005;20;9999.0;843.0
-1;74200;KELP;2015;22;;;;;2018;22;;;;;2016.5;0.0
-1;74300;KELP;2015;5;2014;32;;;2018;32;;;;;2016.5;0.0
-1;74300;RAINFOREST_RESIN;9996;2;9995;30;;;10002;6;10004;2;10005;30;9999.0;843.0
-1;74400;KELP;2015;30;;;;;2018;30;;;;;2016.5;0.0
-1;74400;RAINFOREST_RESIN;9995;30;;;;;10005;30;;;;;10000.0;843.0
-1;74500;RAINFOREST_RESIN;10000;3;9995;29;;;10005;29;;;;;10002.5;843.0
-1;74500;KELP;2016;3;2014;29;;;2018;29;;;;;2017.0;0.0
-1;74600;RAINFOREST_RESIN;10002;1;9998;7;9995;29;10005;29;;;;;10003.5;843.0
-1;74600;KELP;2014;29;;;;;2018;29;;;;;2016.0;0.0
-1;74700;KELP;2014;32;;;;;2018;32;;;;;2016.0;0.0
-1;74700;RAINFOREST_RESIN;9996;2;9995;30;;;10004;2;10005;30;;;10000.0;845.0
-1;74800;KELP;2014;26;;;;;2018;26;;;;;2016.0;0.0
-1;74800;RAINFOREST_RESIN;9998;9;9996;1;9995;25;10004;1;10005;25;;;10001.0;845.0
-1;74900;RAINFOREST_RESIN;10002;1;9996;1;9995;30;10004;1;10005;30;;;10003.0;845.0
-1;74900;KELP;2015;31;;;;;2018;31;;;;;2016.5;0.0
-1;75000;RAINFOREST_RESIN;9995;27;;;;;9998;1;10005;27;;;9996.5;847.0
-1;75000;KELP;2016;1;2014;27;;;2017;27;;;;;2016.5;0.0
-1;75100;KELP;2014;30;;;;;2017;30;;;;;2015.5;0.0
-1;75100;RAINFOREST_RESIN;9995;30;;;;;10005;30;;;;;10000.0;867.0
-1;75200;KELP;2016;3;2014;26;;;2017;2;2018;24;;;2016.5;0.0
-1;75200;RAINFOREST_RESIN;9998;2;9996;2;9995;24;10004;2;10005;24;;;10001.0;867.0
-1;75300;RAINFOREST_RESIN;9996;1;9995;28;;;10004;1;10005;28;;;10000.0;867.0
-1;75300;KELP;2014;29;;;;;2017;29;;;;;2015.5;0.0
-1;75400;RAINFOREST_RESIN;9996;1;9995;30;;;10004;1;10005;30;;;10000.0;867.0
-1;75400;KELP;2014;31;;;;;2017;31;;;;;2015.5;0.0
-1;75500;KELP;2014;34;;;;;2017;30;;;;;2015.5;0.0
-1;75500;RAINFOREST_RESIN;9996;2;9995;28;;;10004;2;10005;28;;;10000.0;867.0
-1;75600;KELP;2014;28;;;;;2017;28;;;;;2015.5;0.0
-1;75600;RAINFOREST_RESIN;10002;1;9996;2;9995;26;10004;2;10005;26;;;10003.0;871.0
-1;75700;RAINFOREST_RESIN;9996;1;9995;26;;;10004;1;10005;26;;;10000.0;873.0
-1;75700;KELP;2014;27;;;;;2016;3;2017;27;;;2015.0;0.0
-1;75800;RAINFOREST_RESIN;9998;5;9996;1;9995;29;10004;1;10005;29;;;10001.0;873.0
-1;75800;KELP;2014;30;;;;;2017;30;;;;;2015.5;0.0
-1;75900;KELP;2014;21;;;;;2018;21;;;;;2016.0;0.0
-1;75900;RAINFOREST_RESIN;9995;21;;;;;10002;8;10005;21;;;9998.5;873.0
-1;76000;KELP;2015;32;;;;;2018;32;;;;;2016.5;0.0
-1;76000;RAINFOREST_RESIN;9998;2;9996;2;9995;30;10004;2;10005;30;;;10001.0;873.0
-1;76100;RAINFOREST_RESIN;9996;1;9995;20;;;9998;1;10004;1;10005;20;9997.0;873.0
-1;76100;KELP;2015;21;;;;;2018;21;;;;;2016.5;0.0
-1;76200;RAINFOREST_RESIN;9996;1;9995;21;;;10004;1;10005;21;;;10000.0;875.0
-1;76200;KELP;2014;22;;;;;2018;22;;;;;2016.0;0.0
-1;76300;KELP;2015;6;2014;27;;;2018;27;;;;;2016.5;0.0
-1;76300;RAINFOREST_RESIN;9995;27;;;;;10005;27;;;;;10000.0;875.0
-1;76400;KELP;2014;28;;;;;2018;28;;;;;2016.0;0.0
-1;76400;RAINFOREST_RESIN;9998;4;9995;28;;;10005;28;;;;;10001.5;875.0
-1;76500;RAINFOREST_RESIN;9996;1;9995;27;;;10004;1;10005;27;;;10000.0;875.0
-1;76500;KELP;2014;7;2013;27;;;2017;28;;;;;2015.5;0.0
-1;76600;RAINFOREST_RESIN;9996;2;9995;28;;;10004;2;10005;28;;;10000.0;875.0
-1;76600;KELP;2014;30;;;;;2017;30;;;;;2015.5;0.0
-1;76700;KELP;2014;26;;;;;2016;4;2017;26;;;2015.0;0.0
-1;76700;RAINFOREST_RESIN;9996;1;9995;25;;;10004;1;10005;25;;;10000.0;875.0
-1;76800;KELP;2014;25;;;;;2017;25;;;;;2015.5;0.0
-1;76800;RAINFOREST_RESIN;9995;25;;;;;10005;25;;;;;10000.0;875.0
-1;76900;RAINFOREST_RESIN;9998;5;9995;24;;;10005;24;;;;;10001.5;875.0
-1;76900;KELP;2013;24;;;;;2014;6;2017;24;;;2013.5;0.0
-1;77000;RAINFOREST_RESIN;9996;1;9995;26;;;10002;4;10004;1;10005;26;9999.0;875.0
-1;77000;KELP;2013;27;;;;;2016;27;;;;;2014.5;0.0
-1;77100;KELP;2015;2;2014;3;2013;30;2016;30;;;;;2015.5;0.0
-1;77100;RAINFOREST_RESIN;10000;3;9998;9;9996;1;10004;1;10005;29;;;10002.0;875.0
-1;77200;KELP;2012;28;;;;;2014;7;2016;28;;;2013.0;0.0
-1;77200;RAINFOREST_RESIN;9996;1;9995;27;;;10004;1;10005;27;;;10000.0;875.0
-1;77300;RAINFOREST_RESIN;9996;2;9995;22;;;10004;2;10005;22;;;10000.0;875.0
-1;77300;KELP;2012;24;;;;;2015;24;;;;;2013.5;0.0
-1;77400;RAINFOREST_RESIN;9995;30;;;;;10002;2;10005;30;;;9998.5;875.0
-1;77400;KELP;2012;30;;;;;2016;30;;;;;2014.0;0.0
-1;77500;KELP;2012;30;;;;;2015;30;;;;;2013.5;0.0
-1;77500;RAINFOREST_RESIN;9996;2;9995;28;;;10004;2;10005;28;;;10000.0;875.0
-1;77600;KELP;2012;30;;;;;2015;27;;;;;2013.5;0.0
-1;77600;RAINFOREST_RESIN;9996;2;9995;25;;;10004;2;10005;25;;;10000.0;875.0
-1;77700;RAINFOREST_RESIN;9995;26;;;;;10005;26;;;;;10000.0;875.0
-1;77700;KELP;2013;26;;;;;2016;26;;;;;2014.5;0.0
-1;77800;RAINFOREST_RESIN;9996;1;9995;25;;;10004;1;10005;25;;;10000.0;875.0
-1;77800;KELP;2013;26;;;;;2015;2;2016;26;;;2014.0;0.0
-1;77900;KELP;2013;39;;;;;2016;32;;;;;2014.5;0.0
-1;77900;RAINFOREST_RESIN;10002;3;9996;2;9995;30;10004;2;10005;30;;;10003.0;875.0
-1;78000;KELP;2013;30;;;;;2016;23;;;;;2014.5;0.0
-1;78000;RAINFOREST_RESIN;9995;23;;;;;9998;11;10005;23;;;9996.5;881.0
-1;78100;RAINFOREST_RESIN;10002;1;9996;2;9995;22;10004;2;10005;22;;;10003.0;881.0
-1;78100;KELP;2013;23;;;;;2014;3;2016;24;;;2013.5;0.0
-1;78200;RAINFOREST_RESIN;9998;7;9995;27;;;10005;27;;;;;10001.5;883.0
-1;78200;KELP;2013;27;;;;;2015;2;2016;27;;;2014.0;0.0
-1;78300;KELP;2012;30;;;;;2016;30;;;;;2014.0;0.0
-1;78300;RAINFOREST_RESIN;9995;30;;;;;10005;30;;;;;10000.0;883.0
-1;78400;KELP;2012;26;;;;;2014;5;2016;26;;;2013.0;0.0
-1;78400;RAINFOREST_RESIN;9995;26;;;;;10005;26;;;;;10000.0;883.0
-1;78500;RAINFOREST_RESIN;9998;4;9996;1;9995;22;10004;1;10005;22;;;10001.0;883.0
-1;78500;KELP;2013;23;;;;;2016;23;;;;;2014.5;0.0
-1;78600;RAINFOREST_RESIN;9995;22;;;;;10002;4;10005;22;;;9998.5;899.0
-1;78600;KELP;2013;22;;;;;2016;22;;;;;2014.5;0.0
-1;78700;KELP;2013;30;;;;;2016;32;;;;;2014.5;0.0
-1;78700;RAINFOREST_RESIN;9996;2;9995;30;;;9998;1;10004;2;10005;30;9997.0;899.0
-1;78800;KELP;2013;27;;;;;2016;23;;;;;2014.5;0.0
-1;78800;RAINFOREST_RESIN;10002;1;9995;23;;;10005;23;;;;;10003.5;901.0
-1;78900;RAINFOREST_RESIN;10002;1;9995;26;;;10005;26;;;;;10003.5;903.0
-1;78900;KELP;2015;1;2013;26;;;2016;26;;;;;2015.5;0.0
-1;79000;RAINFOREST_RESIN;9998;2;9995;28;;;10005;28;;;;;10001.5;905.0
-1;79000;KELP;2013;25;;;;;2015;3;2016;28;;;2014.0;0.0
-1;79100;KELP;2013;23;;;;;2016;24;;;;;2014.5;0.0
-1;79100;RAINFOREST_RESIN;9996;1;9995;23;;;10004;1;10005;23;;;10000.0;905.0
-1;79200;KELP;2013;21;;;;;2014;5;2015;2;2016;21;2013.5;0.0
-1;79200;RAINFOREST_RESIN;9996;1;9995;20;;;9998;3;10004;1;10005;20;9997.0;905.0
-1;79300;KELP;2014;4;2013;30;;;2017;30;;;;;2015.5;0.0
-1;79300;RAINFOREST_RESIN;9998;3;9996;1;9995;29;10004;1;10005;29;;;10001.0;911.0
-1;79400;RAINFOREST_RESIN;9998;6;9996;2;9995;26;10004;2;10005;26;;;10001.0;911.0
-1;79400;KELP;2013;27;;;;;2016;2;2017;26;;;2014.5;0.0
-1;79500;KELP;2013;26;;;;;2017;26;;;;;2015.0;0.0
